4050 5640
806 467 894 546 Vita
925 464 1088 545 Haroldi
1113 466 1240 574 Regis.
1467 493 1515 568 41

521 675 690 747 menciam
725 693 759 748 et
802 676 980 748 lenitatem
1015 732 1023 747 .
1060 675 1275 747 contrahitur
1316 675 1440 748 elatio:
1485 675 1520 748 in

521 788 754 861 humilitatem
790 845 797 861 .
842 791 898 861 Set
934 789 1012 887 quis
1046 789 1252 860 mutacionis
1291 790 1377 862 adeo
1415 788 1521 862 felicis

520 900 675 973 universa
700 905 970 974 commemoret?
1025 904 1079 976 Ut
1106 902 1286 974 innumera
1304 901 1377 974 vel1
1403 902 1521 1000 paucis

518 1015 693 1087 includam
712 1072 720 1088 .
740 1015 803 1087 hac
821 1016 1017 1087 mutacione
1036 1012 1312 1112 concupiscencia
1329 1016 1438 1087 carnis
1457 1073 1465 1087 .
1484 1032 1519 1088 et

518 1128 640 1200 mundi
676 1128 712 1200 in
747 1127 873 1200 horum
910 1126 1001 1200 versa
1036 1144 1277 1225 contemptum
1306 1144 1341 1199 et
1376 1128 1517 1201 odium:

515 1240 680 1313 desulerio
697 1241 788 1313 cellit
806 1258 840 1314 et
858 1241 966 1312 amori
985 1239 1166 1312 celestium.

566 1354 620 1425 Sic
650 1354 691 1424 sic
723 1372 886 1452 operante
920 1355 1060 1427 dextera
1094 1351 1212 1424 excelli
1246 1378 1306 1425 rex
1333 1353 1450 1424 transit
1481 1352 1516 1424 in

515 1467 662 1538 militem
687 1485 721 1538 et
747 1467 894 1539 militem
912 1467 1055 1566 quidem
1074 1463 1220 1538 Christi:
1247 1466 1325 1563 plus
1337 1465 1414 1565 jam
1432 1491 1516 1537 con·

512 1595 649 1676 tempto
666 1605 773 1678 quani
797 1580 892 1678 prius
909 1581 1029 1678 cupito
1054 1605 1163 1677 regno
1190 1579 1324 1651 mundi.
1378 1578 1515 1650 Transit

512 1717 572 1763 rex
595 1691 631 1763 in
655 1691 802 1765 militem
821 1693 967 1764 efficitur
987 1719 1047 1765 rex
1071 1695 1168 1767 miles
1188 1752 1195 1766 .
1215 1711 1255 1766 ut
1279 1692 1327 1764 ita
1349 1691 1515 1763 efficiatur

512 1804 611 1876 miles
628 1831 698 1893 rex,
716 1821 751 1878 et
770 1831 830 1878 rex
852 1805 949 1878 simul
977 1833 1015 1878 ac
1042 1807 1140 1880 miles
1156 1805 1302 1879 transeat
1330 1804 1365 1877 in
1384 1828 1512 1903 regem.
1528 1815 1544 1864 f·
1556 1830 1589 1864 η

512 1917 566 1989 Illi
584 1917 677 1989 enim
698 1919 845 1990 militare
866 1920 1067 2018 aggreditur
1090 1921 1188 1992 miles
1211 1919 1269 1992 iste
1287 1918 1343 1990 cui
1367 1916 1514 1988 militare

510 2055 652 2129 regnare
679 2030 727 2103 est
756 2088 763 2103 .
795 2049 829 2103 et
861 2057 1002 2131 regnare
1030 2033 1174 2130 quidem
1204 2033 1240 2104 in
1275 2028 1441 2129 presenti:
1476 2029 1512 2100 in

509 2140 628 2214 futuro
657 2169 877 2243 conregnare.
931 2145 1022 2218 Illud
1053 2171 1136 2218 vero
1163 2168 1371 2243 conregnare
1400 2141 1513 2213 multo

508 2253 640 2327 felicius
657 2281 763 2353 quain
780 2255 870 2330 istud
889 2283 1030 2355 regnare
1047 2257 1095 2329 est
1112 2259 1209 2356 quod
1231 2274 1348 2329 tamen
1369 2279 1512 2353 regnare

508 2367 644 2439 mundo
677 2384 712 2439 et
748 2369 869 2442 mundi
900 2395 1009 2468 regno
1037 2368 1215 2442 sublimius
1244 2385 1279 2441 et
1310 2366 1423 2466 majus
1452 2364 1509 2438 est.

513 2479 706 2553 Militando
733 2482 876 2579 quidem
911 2500 1031 2580 regnat
1061 2498 1096 2554 et
1130 2482 1309 2581 regnando
1344 2479 1469 2551 militat
1502 2535 1510 2550 .

510 2592 621 2665 donec
650 2610 761 2666 mutet
790 2593 956 2666 mansuris
987 2594 1165 2667 mutabilia
1196 2594 1294 2666 miles
1321 2592 1446 2666 Christi
1477 2609 1512 2664 et

510 2703 730 2778 absorbeatur
755 2733 849 2778 mors
867 2708 902 2779 in
921 2708 1100 2779 vidoriam
1119 2765 1127 2779 .
1146 2725 1180 2779 et
1207 2706 1336 2779 bellum
1358 2722 1512 2777 vertatur

510 2816 546 2887 in
558 2819 773 2916 tropheum.2
816 2822 919 2891 Tunc
938 2847 996 2892 rex
1010 2819 1162 2891 transibit
1180 2819 1216 2890 iii
1229 2843 1346 2917 regem
1361 2816 1513 2889 militans

512 2930 547 3000 iii
565 2930 840 3029 triumphantem
861 2930 1024 3004 sollicitus
1050 2933 1085 3003 in
1111 2931 1265 3004 securum
1283 2930 1512 3003 moribundus

510 3042 547 3113 in
565 3041 696 3140 semper
713 3043 896 3117 visturum.
951 3046 1083 3116 Interea
1110 3045 1277 3116 innovato
1303 3069 1383 3141 rege
1409 3041 1512 3113 inno-

508 3172 590 3226 vato
613 3173 648 3227 et
672 3156 781 3228 milite
809 3213 817 3228 .
844 3183 990 3255 regnum
1019 3182 1150 3229 novum
1176 3157 1212 3227 in
1240 3156 1404 3229 Haroldo
1430 3180 1510 3227 curn

512 3268 676 3339 innovata
696 3267 846 3340 successit
874 3270 1019 3358 milicia:
1047 3269 1148 3367 ipsius
1172 3294 1313 3368 quoque
1337 3293 1417 3340 cuni
1445 3268 1512 3339 sin-

507 3380 600 3478 gulis
626 3379 693 3453 suis
719 3379 865 3454 sensibus
890 3400 925 3455 et
952 3382 1116 3455 membris
1138 3383 1174 3454 in
1196 3408 1306 3454 novos
1328 3379 1510 3454 reflorescit

510 3491 591 3565 usus
614 3495 736 3567 mundi
764 3495 877 3567 cordis
893 3513 927 3567 et
945 3494 1098 3592 corporis
1121 3492 1306 3566 substancia
1329 3510 1414 3566 tota.
1469 3494 1509 3565 ln

509 3604 599 3678 sanie
629 3624 663 3678 et
689 3607 740 3679 siti
767 3608 803 3679 in
829 3607 957 3706 frigore
983 3625 1017 3678 et
1046 3608 1202 3680 nuditate
1230 3607 1266 3678 in
1295 3606 1510 3679 orationibus

511 3717 546 3788 iii
581 3719 709 3817 vigiliis
735 3720 770 3791 in
806 3718 1040 3792 contumeliis³
1070 3736 1104 3791 et
1140 3719 1276 3818 injuriis
1303 3778 1311 3807 ‚
1341 3720 1377 3791 in
1412 3720 1508 3791 omni

507 3831 658 3929 denique
675 3832 790 3904 labore
802 3850 836 3904 et
850 3858 1017 3930 erumpna
1034 3850 1225 3904 maceratur
1235 3857 1314 3903 caro
1327 3831 1509 3903 roboratur

543 4005 554 4043 ¹
578 4006 616 4066 H.
632 4031 641 4076 ς
660 4008 714 4077 vel,
729 4007 857 4078 omitted,
874 4007 960 4067 M.G.
1005 4008 1079 4065 This
1093 4008 1144 4064 isa
1158 4008 1232 4065 clear
1246 4007 1367 4066 instance
1381 4008 1416 4066 of
1426 4007 1507 4067 Gilea

504 4081 1381 4245 ‘uellentne“llilrlsmi:a
