4050 5640
803 397 853 506 36
1084 397 1173 478 Vita
1202 395 1365 477 Haroldi
1390 396 1518 506 Regis.

795 596 951 685 'hostium
971 667 979 682 .
999 636 1069 682 non
1096 609 1233 709 ignavie
1257 610 1386 682 civium
1406 667 1414 682 .
1434 635 1504 681 non
1533 608 1684 708 denique
1701 609 1799 681 timi-

798 725 898 799 ditati
936 782 943 797 .
980 749 1050 795 non
1086 723 1312 796 imbecillitati
1347 721 1405 795 sue
1439 722 1502 795 elle
1533 723 1792 820 imputandum.

794 839 909 912 Solam
927 837 986 909 fibi
1012 836 1048 908 in
1075 836 1135 908 tali
1153 854 1280 909 eventu
1302 836 1550 908 animositatem
1579 835 1674 909 fuiffe
1701 835 1792 933 peri-

794 952 874 1025 culo
893 1009 901 1024 .
920 977 989 1049 que
1008 949 1145 1022 suarum
1163 947 1295 1022 conscia
1313 950 1349 1021 in
1367 949 1469 1022 rebus
1486 949 1616 1021 bellicis
1633 949 1760 1021 virium
1780 1005 1789 1021 .

793 1081 828 1137 et
844 1062 1068 1136 vistoriarum
1083 1119 1091 1134 .
1107 1061 1262 1134 hostilem
1280 1062 1542 1134 multitudinem
1560 1087 1640 1133 cum
1659 1059 1792 1159 paucis-

777 1177 877 1253 simo
903 1176 1012 1248 milite
1038 1174 1229 1272 excepisset.
1288 1175 1436 1247 Vincere
1463 1175 1556 1246 enim
1584 1173 1732 1247 assuetus
1757 1191 1793 1247 et

794 1290 885 1363 vinci
912 1287 1042 1362 nescius
1067 1289 1198 1360 victum
1224 1314 1280 1360 me
1304 1288 1351 1359 ait
1379 1286 1592 1361 credidissem
1612 1345 1619 1360 .
1639 1287 1663 1359 st
1685 1288 1791 1386 paulo

793 1402 929 1502 segnius
963 1400 1142 1475 novandel
1185 1401 1333 1473 inimicis
1366 1400 1547 1473 vistoriam
1591 1400 1787 1473 retulissem.

792 1516 883 1588 Cesrs
901 1541 1051 1614 namque
1074 1514 1189 1586 favore
1213 1514 1334 1588 divino
1351 1539 1370 1585 a
1389 1513 1489 1586 nobis
1516 1540 1596 1585 cum
1623 1539 1704 1613 rege
1729 1511 1791 1586 suo

791 1628 1008 1728 Norwagicis
1042 1629 1103 1726 qui
1147 1627 1244 1726 regni
1287 1627 1389 1699 nostri
1432 1627 1518 1698 fines
1551 1626 1595 1698 ab
1629 1625 1791 1725 aquilone
1901 1726 1906 1735 Ι

761 1820 767 1829 ‚
789 1741 999 1838 irruperant:
1018 1740 1225 1813 exercitibus
1242 1757 1276 1812 et
1287 1740 1436 1814 ducibus
1454 1739 1575 1811 nostris
1587 1741 1632 1813 ad
1649 1739 1789 1837 propria
1892 1832 1896 1843 ·

787 1853 930 1927 dimissis
947 1869 1088 1951 repente
1105 1879 1125 1924 a
1142 1853 1282 1951 regione
1300 1851 1433 1924 australi
1452 1849 1674 1949 supervenere
1693 1851 1789 1923 Nor-

788 1967 916 2038 manni.
970 1965 1111 2061 Quibus
1145 1983 1179 2038 et
1216 1963 1285 2063 ipse
1320 1990 1400 2036 cum
1435 1965 1553 2062 paucis
1587 1965 1787 2061 repentinus

786 2104 969 2151 occurrens
1003 2105 1075 2150 non
1110 2077 1250 2150 inferior
1284 2077 1417 2149 viribus
1450 2092 1511 2149 aut
1545 2077 1668 2149 animis
1694 2134 1702 2149 .
1728 2075 1786 2152 sed

785 2218 932 2265 numero
966 2192 1080 2264 minor
1114 2190 1323 2288 compressus
1358 2247 1366 2263 .
1402 2191 1544 2263 tandem
1580 2189 1686 2263 cecidi
1713 2215 1785 2261 non

783 2303 897 2377 vidus
923 2306 1010 2378 cessi.
1074 2304 1159 2375 Non
1187 2305 1353 2375 incertam
1391 2302 1499 2402 igitur
1525 2302 1706 2375 vidoriam
1740 2304 1784 2376 de

782 2416 909 2489 talibus
931 2416 1108 2489 confestim
1126 2415 1300 2489 sumemus
1316 2441 1405 2514 quos
1422 2432 1566 2488 eventus
1584 2441 1654 2486 non
1671 2414 1784 2487 virtus

782 2530 846 2603 hac
859 2530 934 2603 vice
947 2528 1135 2629 superiores
1148 2529 1305 2602 ostendit.
1349 2530 1513 2623 Quorum
1532 2528 1568 2598 in
1586 2526 1783 2625 propriam²

781 2642 1010 2715 devocionem
1035 2699 1044 2715 .
1073 2659 1108 2714 et
1138 2639 1196 2713 sua
1227 2639 1408 2712 insolencia
1436 2698 1444 2713 .
1474 2657 1508 2713 et
1538 2639 1651 2712 tocius
1680 2639 1782 2712 nobis

781 2755 1006 2851 premeditate
1047 2754 1290 2854 congressionis
1336 2755 1463 2827 modus
1509 2772 1544 2826 et
1584 2753 1781 2826 exacerbate

779 2867 1016 2942 multitudinis
1046 2865 1181 2965 copiosa
1207 2865 1327 2939 solacia
1353 2866 1577 2939 exhibebunt.
1630 2866 1716 2938 Hiis
1745 2882 1780 2938 et

778 2978 978 3079 hujusmodi
1017 2981 1166 3051 Saxones
1208 2978 1335 3050 talibus
1369 3004 1512 3077 quoque
1541 2981 1657 3051 Dacos
1692 3004 1780 3077 quos

778 3091 1025 3164 nichilominus
1045 3090 1186 3164 sollicite
1202 3091 1311 3165 adivit
1330 3117 1394 3189 pro
1408 3091 1648 3190 expugnandis
1665 3090 1778 3164 secum

777 3204 874 3304 regni
901 3203 951 3277 sui
978 3203 1192 3276 invasoribus
1217 3205 1422 3302 interpellat.
1476 3206 1639 3300 Quorum
1670 3204 1778 3277 studia

776 3335 816 3389 ut
842 3317 931 3390 vidit
965 3317 1002 3388 in
1027 3314 1160 3390 diversa
1186 3316 1251 3389 niti
1278 3316 1314 3388 in
1341 3316 1432 3415 que3
1460 3315 1518 3389 sua
1552 3317 1668 3389 minus
1699 3342 1778 3415 per-

776 3456 911 3503 currere
937 3446 1019 3501 vota
1045 3429 1160 3528 primo
1178 3429 1321 3527 quidem
1347 3430 1499 3528 graviter
1525 3429 1626 3502 anxie
1649 3429 1776 3501 mentis

774 3541 936 3614 flustibus
961 3541 1089 3615 estuare
1107 3542 1198 3639 cepit
1218 3599 1225 3614 .
1245 3543 1537 3641 vehementerque
1555 3542 1678 3616 addici.
1732 3543 1774 3614 In

773 3653 840 3727 hoc
857 3654 989 3753 quippe
1013 3671 1053 3726 ut
1079 3672 1150 3727 erat
1178 3652 1404 3754 sagacissimus
1431 3652 1602 3727 securitati
1629 3652 1686 3727 sue
1713 3680 1775 3727 rex

766 3766 842 3866 jam
853 3768 1055 3866 Anglorum
1073 3785 1107 3840 et
1122 3769 1410 3840 Normannorum
1428 3769 1501 3841 dux
1519 3785 1617 3840 caute
1635 3765 1774 3865 prorsus

973 3927 1117 3996 1Η.Μ.;
1138 3928 1299 3999 novamde,
1315 3927 1354 3989 G.

972 4006 985 4045 ²
1007 4007 1062 4077 H.;
1083 4023 1226 4086 promptu,
1242 4007 1301 4077 G.;
1323 4008 1524 4088 perpetu[am],
1543 4008 1587 4068 M.

969 4087 982 4125 ³
1004 4089 1064 4157 H.;
1086 4090 1180 4167 inque,
1198 4089 1282 4150 M.G.
