4050 5640
559 456 649 536 Vita
678 452 842 535 Horoldi
866 454 993 562 Regis.
1222 479 1275 562 97

275 663 377 736 illum
404 660 554 737 deseruit
584 720 592 736 .
623 680 660 736 et
691 661 845 761 predicto
878 659 1034 733 ministro
1060 660 1137 760 ejus
1164 655 1278 732 subse-

274 792 406 875 quente
424 832 433 849 .
452 774 618 850 Cestriam
644 774 817 873 profestos
841 773 899 847 est.
954 773 1078 872 Ibique
1095 773 1131 845 in
1149 772 1278 871 capella

277 889 378 963 saneti
396 889 517 983 Jacobi
535 915 604 988 que
621 890 682 962 fita
706 887 871 987 estsuper
888 887 1038 961 fluvium
1050 889 1107 959 De
1123 886 1279 985 appella·
1310 875 1319 892 ⁸

275 1021 376 1076 tum:
402 1018 500 1075 extra
533 1026 653 1074 muros
687 987 839 1074 civitatis
875 999 911 1072 in
946 998 1138 1073 cimeterio1
1175 996 1277 1071 saneti

276 1113 447 1207 Johannis
474 1113 625 1213 Baptiste
654 1139 715 1211 per
745 1111 986 1212 septennium:
1013 1110 1141 1185 scilicet
1170 1109 1277 1210 usque

277 1227 321 1299 ad
347 1245 497 1299 mortem
526 1284 534 1300 .
564 1225 763 1299 heremitico
786 1225 909 1298 vivens
926 1224 1177 1324 religiosissime
1194 1247 1278 1295 eon-

275 1336 484 1412 versabatur.
553 1337 734 1412 Utebatur
762 1356 881 1411 autem
907 1339 951 1412 ad
982 1338 1119 1410 nudum
1142 1335 1278 1409 tamdiu

278 1450 405 1525 lorica:
432 1450 613 1550 quousque
632 1468 705 1524 tota
729 1452 930 1549 putrefieret
949 1507 958 1524 .
976 1468 1012 1524 et
1030 1449 1177 1522 omnino
1194 1474 1279 1521 con-

278 1564 413 1664 sumpta
431 1566 617 1639 videretur.
671 1566 830 1640 Scissuras
847 1592 933 1638 vero
949 1565 1048 1666 ejus.
1063 1584 1098 1638 et
1117 1564 1279 1662 portiun-
1290 1588 1305 1634 r.
1319 1600 1348 1645 24
1358 1586 1381 1630 s.

278 1681 373 1752 culas
390 1679 569 1752 dissolutas
586 1678 743 1752 ministro
760 1677 821 1752 suo
840 1677 957 1776 Moysi
978 1676 1164 1776 imperavit
1182 1695 1222 1749 ut
1241 1676 1277 1749 in

278 1791 426 1865 fluvium
451 1793 494 1865 de
524 1791 653 1865 secreto
682 1790 870 1891 proiceret2
887 1847 896 1864 .
916 1817 959 1864 ne
977 1789 1090 1888 ipsum
1113 1816 1153 1863 ea
1180 1788 1280 1863 fuisle

278 1903 378 1978 usum
396 1904 498 1978 alicui
517 1905 704 1977 hominum
716 1920 860 2004 pateret.
913 1904 1122 1977 Castillimus
1134 1900 1280 2002 quidem

279 2016 347 2091 suit
361 2042 507 2115 corpore
522 2074 530 2090 .
545 2036 580 2090 et
593 2016 775 2091 continens
785 2018 890 2091 corde
906 2015 1050 2089 humilis
1063 2034 1098 2088 et
1114 2015 1279 2114 prudens.

281 2132 393 2232 Cujus
410 2130 625 2205 condicionis
641 2131 723 2204 effet
748 2128 879 2228 semper
905 2129 1101 2203 occultabat
1119 2155 1162 2202 ne
1187 2126 1282 2202 sorte

280 2246 316 2317 in
350 2229 459 2316 nimia
493 2243 537 2317 ab
572 2242 776 2317 hominibus
809 2243 1034 2316 veneracione
1060 2241 1280 2314 haberetur.

280 2359 374 2432 unde
393 2357 530 2430 animus
546 2357 658 2430 elatus
671 2383 691 2430 a
704 2355 921 2431 rectitudinis
933 2355 1074 2429 tramite
1086 2355 1281 2429 laberetur.
1372 2400 1378 2415 ·

280 2489 315 2544 et
333 2470 429 2569 apud
445 2473 565 2544 Deum
590 2468 798 2543 humilitatis
828 2469 931 2569 ipsius
956 2469 1121 2543 meritum
1147 2469 1284 2541 minue-

280 2602 387 2657 retur.
452 2585 546 2656 Raro
580 2582 725 2683 quidem
755 2583 887 2681 capella
913 2582 998 2655 exiit
1034 2579 1092 2655 sed
1130 2578 1282 2655 oracioni

281 2697 408 2769 allidue
451 2694 603 2769 intendit
646 2694 826 2793 perficiens
867 2696 966 2794 quod
1015 2693 1180 2767 dominus
1222 2691 1282 2766 ait.

283 2811 377 2891 Quia
396 2806 548 2905 oportet⁸
563 2810 699 2905 semper
731 2833 835 2881 orare
851 2823 883 2880 et
907 2833 972 2880 non
991 2809 1134 2897 deficere.
1187 2809 1284 2879 Ante

281 2922 403 2995 oculos
421 2917 498 2993 suos
516 2916 649 3019 semper
662 2945 818 3019 pannum
831 2919 1042 3017 pendentem
1053 2917 1175 2992 habuit
1193 2974 1202 2991 .
1221 2918 1282 3017 qui

282 3053 396 3107 totam
431 3033 503 3107 sere
534 3030 655 3106 faciem
684 3032 822 3105 velabat
856 3032 904 3105 ita
939 3033 1036 3132 quod
1071 3030 1285 3131 longiuscule

284 3148 398 3219 iturus
415 3145 568 3220 ductoris
585 3171 692 3218 manu
706 3143 899 3245 indigebat.
953 3146 1072 3241 Quare
1085 3162 1204 3217 autem
1217 3143 1284 3217 hoc

283 3257 402 3332 secerit
435 3315 443 3331 .
473 3257 626 3330 minister
652 3256 728 3356 ejus
757 3256 941 3357 ignorabat
964 3312 983 3331 ..
1008 3255 1065 3329 sed
1095 3254 1188 3328 forte
1218 3255 1285 3329 hoc

284 3371 408 3470 agebat
452 3396 496 3443 ne
538 3370 661 3443 vultus
694 3367 816 3442 desedi
859 3367 1061 3442 cicatricum
1103 3384 1284 3468 appareret

285 3481 457 3556 obduccio
475 3539 484 3555 .
503 3483 558 3554 vel
587 3508 631 3555 ne
656 3481 701 3554 ad
726 3506 786 3554 cor
812 3479 889 3580 ejus
906 3497 1039 3579 pateret
1055 3479 1173 3553 aditus
1189 3479 1284 3553 secu·

284 3596 415 3669 laribus
432 3594 646 3668 vanitatibus
670 3595 758 3668 dum
784 3593 895 3667 oculis
924 3593 1010 3667 liber
1038 3593 1286 3666 concederetur

284 3708 435 3809 egrellus
452 3709 507 3781 vel
526 3734 569 3780 ne
586 3706 629 3780 ab
646 3706 823 3808 aliquibus
839 3706 901 3807 qui
919 3732 1000 3780 eum
1012 3705 1109 3806 prius
1126 3705 1286 3780 viderant

285 3820 452 3893 veraciter
481 3819 724 3920 agnosceretur
753 3838 789 3892 et
826 3819 869 3892 ab
907 3819 1110 3893 hominibus
1144 3844 1289 3893 venera·

286 3951 391 4007 retur.

325 4088 337 4129 ¹
360 4090 470 4159 H.M.;
492 4089 661 4160 caemeterio,
676 4088 716 4149 G.
867 4087 881 4127 ²
902 4089 991 4150 HM.
1001 4113 1011 4160 ς
1031 4088 1193 4168 projiceret,
1207 4088 1248 4147 G.

664 4169 677 4208 ⁸
698 4169 769 4231 Luc.
786 4170 862 4230 xviii.
883 4187 904 4230 ι.

777 4286 802 4335 Η
