4050 5640
572 458 661 539 Vita
692 456 857 538 Haroldt'
881 460 1008 568 Regis.
1237 452 1302 564 51⁴

287 667 486 768 usurpando
520 667 681 768 infregit:
716 668 829 742 virore
863 669 1021 766 depofito
1053 668 1290 743 defluentibus

286 779 380 853 foliis
396 779 560 853 corticem
570 782 669 881 quod
679 779 774 855 dictu
792 779 923 854 mirum
936 780 984 852 est
1000 797 1142 878 repente
1161 780 1289 855 exuisse

287 891 497 990 perhibetur.
551 894 620 966 Res
654 893 761 992 digna
794 892 986 991 spectaculo
1018 893 1118 992 quod
1151 893 1289 992 lignum

286 1003 406 1077 multis
423 1003 666 1104 condensisque
685 1005 869 1078 frondibus
888 1006 993 1102 paulo
1002 1022 1082 1077 ante
1099 1003 1288 1103 speciosum

286 1142 358 1188 non
393 1115 529 1216 segnius
562 1143 669 1216 quam
703 1117 852 1191 hederal
888 1115 992 1190 ione²
1021 1173 1029 1190 .
1060 1143 1168 1216 quarn
1196 1118 1288 1191 oliva

285 1228 426 1301 alterius
460 1230 630 1327 prophete
664 1229 829 1304 radicitus
863 1228 997 1302 exaruit
1031 1228 1171 1328 albique
1206 1228 1286 1303 fasti

285 1340 364 1414 sunt
397 1342 481 1414 rami
511 1341 595 1443 ejus.
647 1346 770 1441 Auget
800 1342 1006 1415 miraculum
1036 1341 1164 1418 subditi
1195 1369 1286 1416 mar-

285 1454 394 1527 coris:
420 1455 631 1553 perpetuitas
657 1455 776 1528 invicti
804 1455 937 1528 roboris
964 1455 1095 1528 arboris
1124 1457 1285 1529 exsiccate

284 1569 383 1667 quod
399 1568 601 1668 frequenter
618 1594 698 1640 cum
716 1567 875 1666 plurimis
888 1585 923 1641 et
941 1567 1004 1666 ipsr
1021 1566 1137 1640 mirati
1154 1567 1283 1641 sumus.

284 1680 376 1776 Quis
414 1681 508 1754 enim
553 1707 624 1754 non
659 1679 870 1779 obstupescat
904 1680 994 1754 vaste
1033 1680 1285 1779 magnitudinis

283 1794 389 1867 robor
408 1851 416 1866 .
435 1793 636 1866 ramusculis
658 1794 763 1867 etiam
787 1793 932 1866 minutis
960 1820 1031 1866 non
1056 1792 1284 1867 imminutum

284 1904 340 1981 sed
357 1906 515 2005 undique
543 1905 795 1980 inconfradum
813 1907 856 1979 ab
881 1906 960 1979 imis
985 1906 1158 1980 radicibus
1175 1905 1284 2005 usque

283 2019 326 2091 ad
354 2017 587 2092 summitatem
614 2017 794 2093 frondium
820 2018 917 2092 omni
934 2020 1131 2092 velamento
1148 2017 1284 2091 corticis

283 2130 495 2229 spoliatum.
524 2149 578 2205 tot
600 2131 676 2232 jam
699 2129 819 2205 seculis
845 2158 908 2204 nec
933 2149 1024 2204 etate
1049 2131 1171 2204 ceffisse
1190 2188 1198 2204 .
1220 2156 1283 2204 nec

281 2242 369 2317 carie
394 2243 538 2318 tabuisse
564 2302 571 2318 .
598 2271 660 2317 nec
683 2263 871 2318 ventorum
897 2244 1035 2317 turbine
1061 2244 1280 2342 impastum.

282 2383 343 2429 nec
370 2356 537 2431 imbrium
563 2357 794 2432 inundacione
812 2356 966 2430 infusum
985 2414 993 2429 .
1013 2356 1178 2455 putruisse
1198 2414 1206 2430 .
1224 2357 1280 2429 vel

280 2468 399 2543 saltem
425 2470 576 2543 nutasse?
629 2472 715 2566 Quo
743 2470 840 2569 signo
871 2469 906 2541 in
933 2469 1014 2542 anni
1041 2468 1175 2541 circiter
1201 2495 1286 2542 cen-

278 2582 389 2655 tefrmi
403 2583 654 2683 quadragesimi
669 2582 844 2682 spacium8
861 2608 942 2655 curn
955 2581 1116 2654 arborem
1128 2581 1282 2655 vidimus

273 2695 350 2795 jam
385 2701 542 2793 porret'to
571 2753 579 2770 .
607 2693 741 2770 infandi
776 2694 883 2768 scelus
913 2693 1055 2793 perjurii
1083 2693 1280 2766 vicinorum

279 2808 356 2879 loco
398 2809 641 2906 Rothomagus
676 2807 852 2906 jaeluabat
896 2863 904 2879 .
946 2807 1067 2879 celitus
1109 2805 1279 2880 infamari.
1356 2889 1360 2898 ‚

281 2918 430 2992 Modico
448 2945 599 3018 namque
618 2919 799 2994 intervallo
813 2919 856 2992 ab
870 2918 954 2991 urbe
972 2917 1042 3016 ipsa
1059 2917 1159 2993 distat
1177 2917 1280 2990 arbor

280 3029 423 3104 infausta
457 3058 582 3105 ameno
616 3030 803 3104 imminens
843 3030 940 3103 saltui
976 3030 1037 3130 qui
1073 3030 1171 3103 strate
1206 3056 1278 3102 non

278 3145 430 3216 multum
447 3144 579 3245 abjacet
606 3171 626 3216 a
652 3161 762 3242 ponte
783 3145 940 3243 Sequane
967 3145 1010 3218 ad
1041 3142 1278 3216 Grandimon-

276 3255 410 3329 tenses*
435 3256 618 3331 eremitas⁵
645 3256 709 3330 sese
745 3256 982 3355 protendenti.
1045 3255 1175 3328 Omine
1204 3271 1280 3328 tam

315 3409 681 3489 ¹Jonahiv.6,7,9,10.
802 3409 944 3480 ²H..;M
965 3410 1107 3480 Ionae‚.G

313 3490 381 3551 ⁸1f
400 3493 454 3551 this
479 3493 514 3552 be
538 3495 623 3552 taken
647 3509 676 3552 to
699 3492 797 3570 signisy
820 3493 881 3550 that
903 3493 951 3549 the
975 3493 1075 3550 author
1097 3491 1201 3549 beheld
1227 3491 1280 3549 the

272 3573 411 3632 withered
426 3589 485 3632 tree
500 3575 573 3633 aster
593 3595 609 3632 ι
629 3573 703 3652 lapse
725 3574 760 3632 of
781 3590 836 3650 140
849 3593 927 3650 years
946 3572 1019 3630 from
1034 3573 1082 3630 the
1098 3591 1278 3640 occurrence,

271 3673 314 3711 we
329 3654 418 3712 arrive
433 3669 460 3712 ιι
475 3675 491 3712 ι
504 3655 569 3713 date
583 3656 719 3732 certainly
729 3655 804 3732 prior
819 3669 848 3711 to
858 3673 914 3712 nu
927 3651 1012 3723 1206,
1027 3654 1075 3711 the
1091 3653 1206 3711 seventh
1221 3652 1277 3709 and

272 3734 370 3809 eighth
385 3736 479 3811 regnal
494 3756 560 3812 year
573 3735 608 3793 of
617 3735 695 3812 King
708 3736 793 3812 John.

311 3815 767 3892 ⁴“Anno1156HenricusIL
788 3817 941 3894 prioratum
962 3814 1066 3872 ordinis
1084 3813 1277 3872 Grandimon-

271 3895 355 3953 tensrs
369 3896 537 3955 fundavitin
553 3897 627 3955 Silva
642 3838 807 3968 Roboreti,p
799 3917 885 3976 quem
906 3897 990 3974 paulo
1002 3895 1109 4034 post..
1090 3915 1120 3952 ιιι
1140 3894 1275 3952 vivarium

271 3975 351 4035 suum
362 3997 450 4055 prope
462 3976 651 4055 Rotomagum
664 3940 798 4036 transtulit
809 3978 844 4036 ad
858 3976 991 4037 sinistram
1082 3975 1124 4033 nie
1138 3975 1275 4080 Sequane

271 4057 383 4134 ripam,
405 4057 479 4116 unde
494 4060 571 4117 locus
581 4059 628 4117 ille
642 4078 747 4117 nomen
762 4057 856 4117 sumsit
870 4058 959 4117 beata
972 4057 1073 4115 Mariae
1084 4055 1121 4114 de
1132 4053 1274 4113 vivario!

273 4137 364 4196 Gallia
379 4137 542 4214 Christiana,
556 4139 594 4198 xi.
609 4155 657 4216 47
672 4160 696 4198 c.

310 4219 413 4278 ‘’“La
433 4220 572 4299 premiere
594 4220 638 4278 vie
659 4219 708 4279 des
728 4220 863 4297 religieux
884 4219 920 4278 de
940 4218 1129 4288 Grandmont,
1145 4217 1188 4276 sut
1202 4213 1273 4275 celle
