4050 5640
790 439 880 519 Vita
909 435 1074 518 Haroldr'
1098 437 1224 545 Regis.
1455 455 1502 538 35

507 666 542 722 et
572 649 693 723 callide
721 650 915 721 occultatus
938 650 982 722 ad
1003 646 1299 720 Wintoniensrum
1324 643 1508 719 deducitur

506 762 693 835 civitatem.
746 762 821 834 Hic
833 761 974 834 biennio
990 760 1136 833 latebras
1153 761 1190 831 in
1203 760 1357 858 quodam
1371 756 1509 830 cellario

506 873 627 948 fovens
660 901 681 948 a
715 877 865 974 quadam
898 875 1043 947 muliere
1076 898 1201 973 genere
1229 874 1392 945 Saracena
1426 870 1509 941 artis
1560 930 1563 934 .

505 988 673 1088 cirurgice
719 988 936 1086 peritiffima:
976 1004 1115 1060 curatus
1157 985 1203 1059 est
1230 1041 1238 1058 .
1270 1001 1306 1057 et
1340 980 1507 1056 Altiffimi

506 1119 713 1200 cooperante
740 1101 932 1177 medicina:
967 1103 1012 1175 ad
1037 1099 1296 1199 integerrimam
1323 1097 1510 1195 perduetus

506 1211 697 1287 sanitatem.
762 1215 835 1309 Qui
869 1213 1004 1286 viribus
1045 1238 1188 1311 quoque
1229 1209 1375 1308 receptis
1416 1208 1510 1307 regie

505 1326 802 1427 magnanimitatis
829 1324 1055 1400 confidenti:¹
1081 1350 1188 1424 quam
1215 1323 1352 1395 animus
1379 1347 1441 1394 nec
1473 1321 1510 1392 in

506 1440 661 1538 corporis
673 1439 782 1539 strage
793 1437 968 1513 omiserat:
982 1462 1187 1538 magnarum
1201 1436 1382 1509 conatibus
1393 1460 1510 1506 rerum

506 1551 653 1626 credidit
670 1551 940 1651 approbandam.
982 1552 1065 1646 Jam‘
1079 1549 1218 1623 victoris
1234 1546 1284 1621 sui
1299 1547 1392 1647 jugo
1408 1547 1505 1646 regni

505 1664 619 1737 tocius
644 1664 807 1738 nobilitas
828 1662 1024 1764 vulgusque
1052 1663 1140 1737 colla
1165 1659 1389 1734 submiserant
1410 1658 1508 1759 .jam

505 1802 664 1876 proceres
685 1803 772 1875 pene
790 1778 904 1850 cundi
922 1794 982 1848 aut
1000 1775 1170 1874 perempti
1197 1792 1256 1847 aut
1275 1773 1385 1873 patria
1405 1773 1509 1872 pulsi:

505 1891 617 1963 avitos
635 1891 784 1964 honores
800 1890 1000 1989 alienigenis
1018 1889 1221 1987 parciendos
1238 1912 1276 1959 ac
1290 1887 1509 1986 possidendos
1534 1902 1536 1906 ‘

507 2001 717 2078 dimiserant.

555 2118 710 2191 Cernens
736 2117 855 2216 itaque
873 2116 1057 2191 Haroldus
1082 2112 1224 2188 suorum
1249 2114 1410 2187 cladem.
1433 2110 1513 2185 hos-

505 2229 596 2302 tium
614 2229 833 2303 felicitatem:
860 2230 963 2304 corde
981 2227 1154 2329 ingemuit
1172 2284 1181 2300 .
1200 2244 1235 2299 et
1253 2226 1380 2325 patrias
1397 2224 1510 2324 magis

506 2367 613 2441 quam
646 2343 803 2441 proprias
837 2343 1021 2441 deplorans
1050 2339 1277 2438 erumpnasl:
1319 2355 1380 2411 aut
1415 2362 1513 2410 corn-

505 2454 726 2530 moriendum
744 2453 903 2529 funditus
920 2471 979 2526 aut
1006 2452 1280 2527 subveniendum
1296 2451 1432 2525 civibus
1448 2453 1511 2526 de-

504 2567 675 2641 cernebat.
728 2566 890 2640 Penalius
912 2565 1006 2640 eninr
1034 2563 1104 2664 ipsa
1121 2591 1228 2664 quam
1252 2563 1312 2636 vix
1337 2562 1508 2663 effugisset

507 2705 588 2753 nece
599 2679 747 2754 ducebat
766 2737 774 2753 .
793 2680 817 2752 st
835 2706 897 2752 nec
915 2677 983 2752 suis
995 2677 1168 2776 erepcioni
1187 2676 1259 2750 fore
1277 2675 1509 2774 temptavisset

506 2791 693 2867 miserrime
706 2793 923 2867 viventibus:
943 2819 1005 2866 nec
1022 2791 1142 2865 misere
1159 2790 1348 2891 peremptis
1365 2790 1505 2864 ulcioni.

507 2904 760 2979 Transstetavit
776 2905 886 3007 igitur
902 2906 938 2978 in
952 2907 1175 2979 Germaniam
1191 2905 1327 3004 generis
1344 2903 1393 2977 sui
1411 2904 1511 3004 geni-
1522 2893 1705 2999 {imm}

506 3018 629 3092 tricem
654 3019 813 3094 aditurus
840 3019 1025 3092 Saxoniam
1056 3075 1065 3092 .
1095 3018 1209 3118 gentis
1235 3016 1293 3091 sue
1313 3017 1390 3117 jam
1412 3034 1511 3089 utro-
1522 3012 1720 3131 pppmam

507 3130 613 3230 bique
646 3133 831 3232 vulgatum
865 3129 1092 3205 miserabilem
1127 3128 1241 3202 casum
1275 3129 1407 3203 cunetis
1441 3127 1510 3228 ipse

508 3242 720 3318 miserandus
748 3243 906 3342 deplorat
927 3300 935 3316 .
955 3259 1122 3344 cognatos
1138 3244 1183 3317 ad
1207 3241 1347 3317 ferenda
1371 3241 1512 3342 proprie

507 3355 600 3456 stirpi
626 3355 789 3457 suffragia
822 3356 984 3429 instanter
1018 3354 1174 3429 solicitat.
1229 3356 1371 3455 Allegat
1405 3353 1513 3428 insor-

507 3468 651 3543 tunium
668 3487 741 3542 tam
759 3468 938 3567 repentine
956 3468 1063 3543 cladis
1079 3494 1151 3541 non
1164 3467 1298 3541 viribus
1314 3485 1376 3541 aut
1387 3467 1510 3542 virtuti

507 3693 576 3752 Ellis
594 3695 625 3752 in
646 3694 689 3751 bis
704 3694 932 3764 Introdulliomii
952 3710 1016 3764 112,
1029 3693 1105 3769 gives
1125 3712 1142 3751 ι
1162 3707 1237 3764 note,
1251 3693 1368 3769 tending
1389 3708 1419 3751 to
1438 3693 1512 3752 lhew

509 3775 570 3832 that
589 3772 667 3833 these
678 3777 819 3852 francones
841 3773 953 3832 homines
972 3794 1018 3833 are
1042 3772 1160 3831 entered
1174 3793 1203 3830 aa
1220 3774 1248 3831 if
1265 3773 1396 3832 attached
1411 3789 1440 3832 to
1462 3775 1510 3831 the

509 3874 616 3926 maner,
640 3855 710 3912 witb
734 3856 784 3913 the
807 3855 903 3913 villani
926 3854 982 3913 and
1006 3855 1133 3914 bordarii.
1177 3853 1246 3912 The
1269 3856 1432 3930 Francigena
1453 3853 1510 3930 (see

510 3934 587 4006 Ellis,
604 3936 717 4006 Introd„
740 3937 765 3994 ii
783 3934 855 4012 426)
878 3956 933 3993 was
954 3935 1089 4014 probably
1104 3954 1157 3992 one
1172 3935 1238 3995 who
1263 3934 1346 3993 could
1368 3948 1417 3992 not
1438 3934 1511 3992 lhew

510 4016 552 4074 bis
565 4017 641 4092 right
655 4031 684 4073 to
699 4016 734 4074 be
750 4015 914 4074 considered
927 4036 962 4074 an
978 4015 1166 4092 Englilbman.

547 4097 558 4134 ¹
581 4097 695 4165 H.M.;
716 4095 923 4165 confidentiam,
938 4097 978 4155 G.

550 4176 563 4215 ²
584 4178 693 4246 H.M.;
716 4197 861 4246 aerumnas,
877 4176 914 4237 G.
