3938 5610
765 453 855 541 Vita
884 453 1048 542 Haroldi
1074 459 1200 570 Regis.
1429 463 1481 569 69

479 664 685 740 Anticbristi
728 662 808 739 facti
851 664 930 740 sunt
973 665 1026 740 isti
1068 666 1127 741 ad1
1172 665 1326 740 nostrum
1364 668 1485 765 pocius

479 779 665 853 redeuntes
682 777 917 852 Christianum
935 778 1000 852 hos
1025 778 1084 853 srbi
1107 779 1347 878 relinquamus
1363 797 1398 852 et
1424 777 1486 852 suo

478 889 564 991 igni.
617 891 714 963 Nam
726 907 761 964 et
779 916 873 964 nunc
889 890 972 964 teste
990 891 1161 990 propheta
1173 891 1265 990 ignis
1276 889 1485 964 adversarios

478 1004 625 1078 devorat
649 1059 658 1077 .
683 1020 718 1078 et
739 1003 844 1105 juxta
870 1004 953 1077 vitis
979 1030 1060 1078 vere
1090 1002 1313 1078 sentenciam:
1354 1004 1485 1103 palmes
1497 1028 1516 1074 r.
1531 1028 1566 1076 n.

479 1115 556 1216 post
575 1116 785 1191 mittendus²
807 1116 844 1189 in
867 1115 985 1216 ignem
1000 1117 1077 1216 jam
1099 1117 1208 1191 ardet.
1270 1116 1485 1190 Christianus

477 1254 563 1302 vcro
585 1229 697 1303 noster
720 1256 834 1304 novus
855 1249 891 1303 et
914 1247 1017 1304 vetus
1035 1286 1044 1304 .
1064 1256 1196 1304 novus:
1223 1229 1366 1303 nomine
1382 1246 1485 1303 vetus

479 1343 700 1444 prosellione³
731 1401 740 1419 .
770 1345 910 1419 Christo
940 1344 972 1420 se
1001 1345 1222 1420 inhabitante
1247 1344 1387 1419 securus
1406 1344 1485 1446 jam

479 1456 603 1532 mundi
620 1458 733 1531 vidior
759 1474 795 1531 et
824 1457 917 1532 illius
933 1457 996 1558 qui
1023 1458 1059 1530 in
1087 1457 1224 1532 mundo
1245 1457 1293 1531 est
1320 1457 1485 1556 principis

479 1569 671 1643 debellator
705 1596 800 1644 novo
834 1587 945 1644 marte
980 1596 1071 1643 nova
1105 1569 1275 1669 preliandi
1304 1587 1378 1643 arte
1406 1568 1485 1643 suos

478 1682 683 1782 aggreditur
708 1682 846 1757 vincere
872 1683 1031 1757 victores.
1094 1683 1304 1757 Contulerat
1337 1681 1370 1756 ei
1406 1681 1485 1756 suus

478 1820 539 1868 rex
557 1795 613 1869 cui
631 1794 689 1895 spe
712 1795 937 1895 recuperandi
960 1795 1060 1896 regni
1083 1795 1191 1870 amillr
1212 1795 1289 1897 jam
1310 1794 1372 1870 diu
1392 1794 1485 1868 mili·

478 1924 613 1982 taverat
632 1964 640 1982 .
659 1908 778 2008 ignem
801 1909 955 1982 caritatis
974 1965 981 1983 .
1000 1933 1074 2008 quo
1096 1909 1181 1982 flatu
1204 1908 1318 1981 Saneci
1334 1907 1484 2007 Spiritus

478 2019 631 2094 estuante
651 2077 659 2094 .
678 2020 875 2094 vidricium
901 2020 961 2095 srbi
986 2045 1164 2094 armorum
1182 2021 1321 2119 copiam
1336 2018 1486 2093 tribula-

477 2137 620 2211 cionum
631 2138 746 2212 mallei
758 2136 858 2237 super
868 2137 1031 2211 incudem
1042 2135 1482 2237 pacienciesabricaverant.

478 2250 565 2323 Hiis
593 2275 659 2349 pro
688 2251 808 2324 amilio
841 2252 985 2350 quidem
1020 2276 1131 2351 regno
1173 2248 1222 2323 set
1264 2248 1376 2323 celesti
1411 2273 1483 2321 non

477 2379 651 2437 terreno.
677 2381 807 2437 certare
830 2362 1000 2439 didicerat
1024 2362 1241 2436 invieciffime
1268 2360 1376 2435 sciens
1401 2361 1485 2460 quia

479 2476 562 2549 licut
581 2478 681 2549 nullo
696 2478 766 2550 fine
783 2477 832 2551 ita
849 2503 912 2551 nec
930 2477 1005 2550 ullo
1021 2476 1116 2550 hoste
1133 2501 1215 2549 curn
1228 2475 1320 2548 illud
1340 2473 1486 2563 obtinu-

477 2588 552 2662 isset
578 2589 687 2687 poll'et
713 2589 883 2664 amittere.
935 2586 1117 2689 Appulsus
1143 2587 1253 2688 igitur
1277 2587 1421 2661 demum
1447 2586 1483 2659 in

478 2726 627 2801 regnum
645 2704 824 2802 quondam
843 2701 943 2776 suum
961 2700 1150 2801 periculose
1160 2701 1304 2801 quidem
1323 2699 1483 2774 habitum

478 2812 526 2887 set
555 2813 728 2889 fructuose
749 2815 908 2889 amissum
928 2872 936 2888 .
955 2815 1061 2889 armis
1077 2813 1207 2915 quibus
1234 2832 1307 2887 erat
1324 2813 1484 2886 munitus

478 2951 543 3026 pro
568 2953 679 3027 regno
705 2927 1022 3027 incomparabiliter
1047 2927 1192 3000 meliore
1217 2925 1365 2999 viriliter
1391 2951 1484 3025 pug-

477 3054 623 3112 naturus
641 3097 649 3113 .
669 3039 815 3113 castrum
833 3039 1028 3140 ingreditur
1045 3038 1112 3114 suis
1129 3037 1238 3138 copiis
1255 3036 1334 3112 satis
1346 3055 1481 3136 aptum.

478 3153 521 3225 ln
550 3153 702 3251 quadam
731 3177 882 3251 namque
912 3179 999 3251 rupe
1027 3151 1122 3226 secus
1151 3153 1311 3225 Dovram
1340 3148 1406 3223 sese
1429 3176 1484 3223 re-

477 3264 608 3363 cipiens
636 3321 646 3338 .
674 3263 818 3365 collegit
847 3264 1002 3364 primurn
1028 3263 1062 3338 se
1092 3263 1129 3339 in
1158 3261 1220 3355 se;
1246 3261 1373 3338 deinde
1396 3287 1485 3334 con-

478 3374 643 3450 scendens
677 3404 697 3450 a
732 3375 764 3451 se
794 3375 894 3477 super
921 3375 954 3452 se
981 3376 1142 3452 cernebat
1171 3395 1299 3450 terram
1326 3401 1347 3449 a
1375 3375 1483 3476 longe
1535 3415 1536 3418 ¹

481 3488 580 3588 cujus
606 3489 783 3563 interdum
809 3514 928 3591 regern
955 3512 1097 3591 quoque
1122 3489 1216 3562 oculi
1241 3486 1293 3562 sui
1318 3486 1483 3561 videbant

481 3600 517 3674 in
535 3599 596 3676 suo
613 3602 736 3676 decore
754 3603 791 3674 in
808 3601 896 3701 qua⁴
912 3619 948 3676 et
966 3612 1047 3676 'cum
1071 3629 1144 3702 quo
1167 3601 1273 3675 etiam
1297 3599 1367 3700 ipse
1390 3617 1484 3673 certa

480 3712 537 3813 spe
579 3713 798 3815 presumebat
840 3740 995 3814 regnare.
1065 3715 1141 3788 Hic
1178 3714 1283 3815 juxta
1325 3712 1482 3814 decalogi

480 3824 651 3900 summam
668 3827 875 3901 decennium
893 3827 929 3901 in
946 3827 1019 3901 vite
1036 3825 1186 3900 solitarie
1199 3824 1372 3924 tyrocinio
1383 3824 1483 3898 miles

473 3937 550 4039 jam
580 3939 746 4014 emeritus
772 3941 952 4040 complens
977 3998 985 4014 .
1011 3940 1130 4014 vitalia
1152 3940 1240 4039 legis
1262 3938 1381 4014 divine
1405 3963 1482 4038 pre-

518 4119 693 4188 1H.;inir
733 4122 790 4192 Ad,
807 4123 895 4183 ΜΩ.
1016 4121 1111 4199 ll·l.;
1132 4121 1355 4201 postmittendur,
1372 4120 1460 4182 ΜΕ.

518 4199 531 4240 ⁸
551 4200 659 4272 H.M.;
682 4204 857 4281 prefessione,
872 4204 912 4263 G.
1013 4204 1027 4242 ⁴
1047 4204 1090 4263 H.
1098 4228 1108 4273 ;
1130 4224 1195 4282 quo,
1211 4202 1298 4262 ΜΩ.
