4050 5640
792 493 880 573 Vita
910 490 1074 572 Horoldi
1100 492 1225 600 Regis.
1453 483 1499 596 9²1

506 704 675 803 quicquid
701 729 782 777 eum
809 703 943 802 perpeti
973 709 1094 775 euntia
1117 702 1265 775 suaviter
1293 699 1508 800 disponentis

506 818 573 889 Dei
603 819 752 889 clemens
773 817 981 915 dispensacio
1006 816 1215 914 permisisset.
1269 815 1302 887 Si
1326 814 1420 887 enim
1446 814 1509 887 de-

506 930 666 1002 clinando
693 929 922 1001 infestationis
945 930 1038 1001 illius
1057 930 1204 1001 obtentu
1230 927 1343 1001 sedem
1371 945 1507 1000 mutare

506 1043 726 1117 decrevisset:
759 1040 887 1114 fecisset
914 1043 979 1115 hoc
1006 1042 1129 1141 utique
1157 1026 1261 1114 cicius
1288 1067 1349 1114 nec
1376 1040 1507 1113 tociens

506 1155 690 1254 dampnisl
717 1173 752 1228 et
779 1155 998 1228 verberibus:
1033 1154 1136 1253 affligi
1164 1153 1378 1252 expettallet.
1431 1153 1508 1226 Nec

505 1266 599 1342 ellim
625 1267 751 1341 inscius
776 1285 851 1341 erat
879 1266 915 1339 in
947 1268 1016 1340 oris
1043 1294 1166 1340 eorum
1192 1268 1399 1365 inquorum
1422 1265 1507 1338 olim

508 1381 625 1453 medio
644 1438 651 1452 .
667 1379 828 1453 triennali
847 1397 887 1452 ut
906 1378 1019 1453 fertur
1034 1379 1262 1477 expedicione
1280 1378 1478 1476 hyemando
1497 1436 1505 1451 .

508 1492 618 1565 nimio
645 1492 798 1591 ipsorum
825 1492 982 1590 periculo
998 1492 1093 1564 intus
1110 1508 1145 1565 et
1169 1492 1205 1563 in
1223 1509 1303 1564 cute
1321 1508 1361 1563 ut
1378 1491 1508 1564 dicitur

507 1631 567 1677 eos
586 1624 739 1678 noverat.
793 1605 878 1677 Fuit
897 1606 959 1677 hec
978 1605 1121 1705 quando
1138 1605 1251 1678 adhuc
1269 1629 1384 1676 comes
1410 1620 1508 1676 tanta

507 1744 566 1790 eos
592 1719 724 1791 virtute
748 1716 950 1815 perdomuit
980 1773 988 1790 .
1014 1743 1172 1817 peneque
1198 1717 1328 1790 delevit
1348 1773 1356 1789 .
1376 1734 1516 1817 quanta»

508 1830 667 1903 omnium
693 1828 915 1929 sequencium
933 1829 1094 1930 usquein
1120 1828 1256 1928 presens
1277 1855 1401 1928 regum
1418 1828 1509 1901 vires

508 1943 704 2042 nequivere.

558 2056 667 2128 Tanti
684 2056 778 2129 enim
804 2055 940 2129 roboris
966 2054 1065 2128 suillo
1083 2056 1286 2156 perhibetur
1303 2080 1384 2127 cum
1403 2054 1508 2126 fuerit

508 2168 649 2241 audacia
663 2168 857 2267 singularis:
877 2185 917 2241 ut
935 2168 1018 2240 sicut
1037 2169 1188 2268 legimus
1205 2169 1241 2241 in
1259 2169 1352 2241 bello
1366 2194 1509 2266 quoque

509 2282 800 2353 Normannorum
831 2281 951 2352 nullus
977 2282 1021 2354 ad
1052 2307 1133 2353 eum
1159 2298 1374 2354 armatorum
1402 2276 1511 2351 acces-

509 2390 587 2463 serit
613 2392 763 2465 hostium
792 2391 879 2492 quin
911 2391 1022 2464 statim
1052 2394 1167 2490 primo
1201 2392 1273 2465 iou
1307 2418 1439 2492 equum
1473 2407 1508 2464 et

509 2504 664 2603 equitem
683 2504 832 2577 deiceret
859 2505 1033 2578 lethaliter
1056 2503 1250 2578 sauciatos.²
1286 2507 1406 2601 Quam
1424 2504 1511 2576 adeo

510 2616 703 2689 mirabilem
733 2674 741 2690 .
766 2616 841 2715 jam
871 2635 1067 2690 mutaverat
1101 2617 1349 2691 fortitudinem
1375 2614 1512 2713 sperans

509 2729 544 2800 in
571 2729 743 2801 domino.
764 2729 886 2825 pennis
910 2729 1088 2828 assumptis
1104 2730 1228 2803 volans
1252 2787 1259 2802 .
1279 2745 1314 2801 et
1341 2726 1510 2827 nusquam

508 2841 544 2913 in
572 2843 693 2913 volatu
728 2842 899 2914 delicienS.
953 2843 1038 2915 Hoc
1073 2859 1192 2916 autem
1227 2842 1339 2915 solum
1373 2838 1510 2913 volatili

508 2973 580 3026 tam
606 2951 691 3025 sorti
713 2953 790 3052 jam
824 2972 897 3026 erat
925 2952 1105 3028 formidini
1141 2982 1184 3028 ne
1219 2953 1349 3027 favoris
1383 2951 1509 3024 scilicet

510 3065 676 3140 mundani
688 3064 781 3138 visco
799 3064 937 3138 suarum
955 3067 1174 3166 aliquatenus
1192 3092 1384 3165 pennarum
1398 3065 1511 3138 virtus

509 3178 743 3251 infirmaretur
756 3180 922 3277 fieretque
934 3179 1093 3252 infirmus
1106 3198 1141 3252 et
1155 3205 1227 3253 non
1241 3199 1313 3252 tam
1324 3181 1510 3252 volucrum

509 3319 596 3392 quas
622 3291 728 3390 pascit
753 3295 852 3364 Deus
876 3319 983 3392 quam
1010 3292 1152 3366 illorum
1178 3293 1364 3366 hominum
1392 3291 1511 3364 fimilis

509 3430 599 3504 quos
617 3404 722 3503 pascit
739 3403 902 3478 ventus³z
921 3407 944 3477 sr
961 3406 1021 3478 srbi
1040 3404 1169 3504 septem
1187 3404 1382 3504 Sampsonis
1400 3405 1510 3476 crines

509 3517 725 3591 adulacionis
755 3520 925 3592 novacula
951 3520 1164 3592 raderentur.
1218 3519 1261 3593 ld
1286 3517 1399 3591 solum
1425 3542 1511 3616 ergo

507 3629 600 3729 sugit
624 3631 723 3729 quod
753 3629 866 3703 solum
896 3629 1103 3705 formidavit
1134 3656 1206 3704 non
1232 3630 1309 3703 sane
1327 3630 1511 3702 Wallensrs

510 3744 621 3814 telum
653 3740 711 3815 sed
738 3742 925 3840 peccatoris
955 3743 1083 3816 oleum.
1135 3742 1268 3817 Sciebat
1299 3741 1509 3815 Wallenses:

511 3855 653 3955 ignotos
677 3855 802 3928 habere
820 3855 1040 3954 suspicacioni
1060 3914 1069 3929 .
1088 3857 1123 3930 in
1149 3856 1319 3955 religione
1346 3855 1511 3954 probatos

548 4039 557 4077 ¹
581 4039 691 4108 H.M.;
712 4039 793 4098 toties
807 4040 925 4110 damnis,
940 4040 979 4100 G.

547 4121 559 4157 '²
581 4121 631 4178 On
646 4122 694 4178 the
709 4121 816 4195 margin
830 4121 865 4178 os
875 4122 923 4179 the
937 4123 1003 4180 MS.
1018 4143 1033 4179 a
1048 4141 1210 4203 monogram
1224 4122 1259 4179 of
1270 4121 1318 4179 the
1332 4120 1410 4178 word
1428 4123 1509 4180 Nota.

548 4201 560 4238 ³
582 4201 629 4258 Cf.
645 4201 762 4269 Milton,
779 4203 894 4280 Lycidas,
911 4202 994 4261 “But
1009 4202 1092 4262 swoln
1107 4204 1175 4261 with
1190 4202 1294 4272 wind,’'
1308 4217 1363 4261 etc.
