4050 5640
798 449 886 529 Vita
921 447 1085 530 Haroldi
1109 447 1235 556 Regia.
1462 470 1517 554 77

513 650 650 723 visionis
674 649 876 749 precordiali
903 647 1026 746 spiritu
1053 645 1231 747 languenti
1249 644 1348 719 solita
1365 644 1517 743 postulat

511 765 726 866 benignitate
778 763 940 838 concedi:
995 761 1031 833 in
1081 787 1155 861 quo
1207 758 1280 831 vite
1337 757 1514 857 reliquum

511 877 574 952 sub
601 876 736 952 silentio
754 892 890 975 optate
917 873 1046 973 quietis
1073 872 1275 972 transigeret
1307 928 1314 944 .
1346 888 1382 943 et
1417 867 1510 944 felici

512 993 656 1065 demum
684 989 815 1063 excelsu
844 988 1056 1062 terminaret.
1108 984 1268 1059 senciens
1297 1001 1415 1057 autem
1450 1008 1513 1082 per

511 1102 672 1203 spiritum
700 1102 893 1203 benignum
923 1100 1121 1174 Dominum
1150 1097 1311 1197 pauperis
1336 1095 1385 1170 sui
1412 1095 1512 1195 pium

510 1216 682 1290 exaudisse
722 1214 926 1290 defiderium
968 1213 1103 1311 imponi
1148 1210 1180 1284 se
1224 1209 1306 1284 fecit
1350 1209 1413 1282 vili
1450 1208 1592 1309 ju-rm

511 1347 669 1403 mento.
701 1327 873 1428 solitoque
900 1344 1085 1400 contentus
1119 1325 1274 1398 ministro
1305 1380 1313 1396 .
1345 1323 1412 1396 iter
1438 1349 1512 1423 quo

511 1440 613 1514 illum
638 1442 816 1515 Dominus
844 1439 1010 1513 destinare
1039 1439 1244 1538 dignaretur
1270 1435 1474 1536 aggreditur
1502 1491 1511 1509 .

511 1553 658 1652 pedibus
684 1553 807 1627 iccirco
835 1551 1014 1625 subvestus
1040 1550 1177 1624 alienis:
1204 1550 1288 1650 quia
1304 1550 1417 1622 virtus
1436 1548 1513 1647 jam

510 1671 627 1745 aberat
653 1669 731 1744 suis.
791 1670 969 1743 Recedens
986 1667 1095 1768 igitur
1121 1666 1265 1741 scienter
1295 1664 1454 1740 nescius.
1473 1681 1510 1738 et

511 1782 680 1883 sapienter
705 1784 865 1858 induetus
889 1782 997 1856 ductu
1013 1779 1200 1853 comitatus
1226 1779 1411 1880 angelico.
1431 1777 1513 1853 Ces-

510 1895 660 1971 trensem
692 1897 836 1971 demum
872 1896 1030 1994 pervenit
1064 1896 1110 1970 ad
1140 1895 1263 1969 urbem
1290 1952 1299 1968 .
1326 1894 1403 1968 Ubi
1430 1920 1515 1969 mox

510 2010 567 2083 die
610 2009 777 2083 inclinato
814 2011 860 2084 ad
893 2008 1070 2108 vesperam
1105 2064 1114 2082 .
1148 2007 1302 2082 mediam
1345 2007 1513 2107 ingressus

511 2121 707 2196 civitatem:
746 2147 828 2195 cum
861 2121 1046 2195 mansionis
1077 2123 1196 2195 locum
1231 2120 1424 2194 ministrum
1458 2119 1515 2198 in-

510 2235 648 2335 quirere
665 2235 883 2335 precepisset:
909 2261 981 2308 vox
998 2253 1141 2333 repente
1166 2233 1403 2335 hujuscemodi
1422 2234 1517 2309 auri-

511 2349 576 2422 bus
592 2375 715 2422 eorum
733 2347 888 2422 illabitur
915 2404 924 2422 .
952 2350 1112 2438 “Vade,”
1136 2347 1288 2448 inquid,1
1316 2347 1514 2422 “virbone

510 2461 555 2534 ad
584 2461 755 2534 ecclefiam
784 2459 886 2534 saneti
911 2461 1082 2554 Johannis
1109 2477 1265 2560 paratam
1291 2459 1339 2533 ibi
1366 2460 1513 2559 accipies

510 2573 754 2648 mansionem.”
804 2573 995 2647 Attonitus
1011 2575 1056 2648 ad
1081 2572 1200 2649 audita
1227 2572 1381 2648 minister
1410 2575 1515 2649 oculo

510 2685 667 2784 undique
697 2684 981 2786 circumspectans
1010 2684 1147 2761 curioso
1178 2742 1187 2760 .
1217 2687 1311 2762 edite
1337 2687 1434 2760 vocis
1459 2687 1515 2762 in-

510 2797 618 2897 quirit
646 2800 876 2898 prolatorem:
904 2797 960 2874 sed
987 2824 1057 2873 non
1074 2800 1280 2899 comparuit.
1333 2800 1515 2874 Nimirum

510 2912 676 3010 angelum
704 2912 852 2985 Domini
886 2911 1020 2985 bonum
1055 2913 1116 3011 qui
1151 2913 1273 2986 itinera
1308 2911 1366 2986 sua
1400 2911 1514 2987 secum

510 3023 696 3097 comitatus
723 3024 811 3098 bene
841 3022 973 3123 semper
1005 3023 1218 3124 disposuisset
1252 3026 1352 3100 illum
1379 3024 1515 3101 secisse²

509 3136 571 3235 qui
594 3137 639 3211 de
656 3153 774 3235 parata
792 3136 852 3211 fibi
870 3137 1043 3212 mansione
1061 3195 1070 3210 .
1089 3138 1152 3212 hec
1179 3138 1411 3213 denuntiasset
1437 3139 1516 3214 viro

509 3249 579 3324 Dei
597 3275 669 3323 non
685 3247 753 3324 luit
778 3249 960 3324 incertum.
1012 3248 1088 3350 Ipse
1104 3277 1189 3325 vero
1205 3276 1302 3325 more
1320 3249 1381 3326 suo
1397 3278 1515 3352 panno

510 3378 590 3435 ante
624 3362 744 3435 oculos
783 3363 958 3463 pendente
1002 3419 1011 3437 .
1054 3381 1089 3438 et
1123 3380 1235 3438 totam
1270 3390 1357 3464 pene
1391 3363 1514 3440 satiem

509 3474 685 3573 operiente
723 3530 732 3548 .
770 3473 942 3574 aspeclum
976 3476 1036 3550 srbi
1069 3478 1242 3552 velaverat
1276 3503 1319 3551 ne
1352 3478 1514 3552 videlicet

501 3587 770 3662 occurrentibus
785 3587 832 3661 ob
857 3587 1046 3663 notabilem
1071 3588 1270 3664 cicatricum
1295 3588 1431 3664 suarum
1449 3591 1514 3664 ob-

507 3700 712 3774 duccionem
739 3699 868 3799 stupori
890 3700 971 3776 esset
989 3757 998 3775 .
1016 3703 1071 3776 vel
1095 3703 1119 3776 sr
1141 3702 1380 3802 agnosceretur
1403 3705 1513 3778 eciam

507 3811 724 3886 veneracioni
743 3868 752 3887 .
769 3814 825 3886 vel
843 3839 886 3887 ne
903 3816 948 3890 ad
970 3815 1097 3888 mentis
1118 3815 1237 3890 abdita
1255 3872 1264 3889 .
1283 3813 1429 3915 sensibus
1445 3843 1514 3889 un-

508 3924 690 4023 decunque
716 3927 908 4000 oceurrenti
934 3945 1065 4026 pateret
1090 3929 1205 4003 aditus
1229 3928 1387 4002 vanitati.
1438 3931 1512 4002 De-

510 4034 643 4138 signant
682 4063 768 4112 mox
800 4039 915 4141 digito
949 4041 1009 4141 qui
1044 4041 1306 4116 circumstabant
1339 4043 1510 4117 ecclesiam

590 4178 602 4224 1
623 4179 733 4250 uu..
753 4179 855 4260 inquit,
869 4179 909 4240 c.
1122 4179 1265 4250 raus
1286 4180 1373 4252 turre,
1388 4180 1426 4241 o.
