3938 5610
475 286 525 363 62
757 285 846 364 Vita
876 283 1040 365 Haroldi
1064 288 1192 395 Regis.

473 503 569 575 Nam
587 503 632 575 ad
650 502 869 574 voluntatem
888 519 1011 574 contra
1038 528 1160 575 eorum
1186 501 1355 577 salutem:
1395 501 1476 577 suos

473 614 616 688 exaudit
645 612 756 687 solum
782 613 950 688 inimicos.
1003 616 1081 688 Nec
1108 615 1156 689 est
1182 617 1310 690 necesse
1332 618 1377 691 de
1393 617 1477 718 qui-

473 726 675 828 buscunque
701 727 816 801 cleeris
845 746 906 800 aut
937 729 1094 826 reprobis
1124 727 1304 829 utriusque
1330 729 1474 804 exaudi-

474 840 582 914 cionis
607 842 764 939 exempla
781 842 1030 915 memorando:
1058 839 1252 915 sermonem
1270 842 1306 915 in
1323 844 1473 942 longum

473 955 684 1052 protrahere.
747 953 878 1026 Sufficit
905 954 1135 1051 reproborum
1170 954 1364 1054 principem
1390 981 1474 1029 con·

473 1068 616 1140 fiderare
629 1065 782 1140 sanetum
793 1066 910 1140 virum
927 1067 996 1160 Job
1010 1068 1054 1141 ad
1068 1069 1314 1166 temptandum
1332 1068 1472 1166 petisse.

473 1198 508 1252 et
527 1178 627 1253 semel
642 1198 676 1252 et
688 1179 816 1252 iterum
828 1179 989 1278 accepisse
1004 1237 1012 1252 .
1027 1180 1139 1279 sicque
1152 1181 1197 1253 ad
1210 1180 1473 1279 dampnacionis

473 1296 531 1370 sue
557 1298 740 1370 cumulum
765 1297 969 1370 exauditum
996 1297 1071 1371 esse.
1124 1297 1213 1371 Satis
1238 1298 1276 1369 srt
1301 1295 1474 1372 ediverso

473 1409 586 1509 ipsum
605 1411 792 1483 electorum
810 1410 969 1482 omnium
986 1426 1091 1508 caput
1109 1409 1299 1484 meminisse
1313 1410 1473 1509 passionis

474 1523 679 1595 imminente
705 1523 825 1596 aculeo
848 1522 962 1596 calicis
987 1522 1247 1596 translacionem
1273 1521 1379 1621 petise
1410 1549 1473 1596 nec

473 1635 660 1734 optinuisse
686 1633 744 1708 sue
769 1653 886 1708 tamen
905 1635 1099 1709 voluntatis
1121 1652 1249 1709 nutum
1274 1634 1474 1709 evidencius

473 1747 662 1845 expressisse
697 1746 744 1819 set
780 1747 888 1846 patris
918 1747 1136 1845 beneplacito
1162 1747 1270 1848 ipsam
1298 1745 1472 1848 subjecisse

474 1861 584 1932 immo
611 1877 646 1931 et
676 1859 784 1958 ipsam
819 1860 958 1958 penitus
987 1860 1170 1962 abjecisse.1
1235 1863 1322 1935 Non
1352 1860 1471 1962 inquit

473 1998 550 2044 mea
583 1974 749 2046 voluntas
783 1971 830 2045 set
865 1990 925 2046 tua
959 1973 1030 2047 fiat.
1093 1976 1191 2048 Deus
1219 1974 1314 2048 enim
1341 1973 1378 2047 in
1408 1971 1472 2047 tali

474 2086 657 2160 voluntate
684 2086 828 2185 proprio
854 2087 927 2160 sisio
954 2113 1024 2160 non
1051 2086 1206 2186 pepercit
1225 2113 1290 2187 pro
1307 2085 1473 2162 omnibus

474 2197 574 2270 nobis
604 2200 745 2273 tradens
772 2198 874 2272 illum
893 2256 901 2272 .
921 2217 961 2273 ut
990 2225 1071 2273 cum
1098 2203 1142 2275 de
1167 2217 1324 2275 torrente
1350 2199 1388 2273 in
1415 2198 1474 2273 via

473 2310 607 2384 bibisset
633 2329 815 2410 propterea
839 2315 1006 2387 exaltaret
1033 2330 1156 2412 caput:
1182 2313 1281 2413 quod
1309 2311 1346 2385 in
1371 2336 1472 2386 cruce

472 2451 585 2523 quum
602 2424 737 2498 bibisset
755 2425 924 2500 continuo
941 2426 1132 2500 inclinavit.
1169 2424 1332 2500 Premisse
1354 2442 1471 2498 tamen

472 2538 782 2612 consummacionis
824 2539 961 2614 diccio:
1005 2539 1108 2613 hostis
1150 2539 1294 2613 humani
1335 2536 1473 2638 generis

473 2653 681 2725 denunciata
698 2652 853 2726 deviccio
871 2652 948 2726 suit.
1002 2655 1084 2749 Qua
1100 2651 1371 2726 denunciacione
1389 2676 1473 2750 pro-

473 2766 631 2863 mulgata
661 2781 765 2864 caput
792 2765 973 2839 inclinavit
999 2766 1035 2838 in
1063 2792 1146 2865 pace
1173 2764 1376 2840 dormiens.
1396 2763 1473 2863 post

474 2874 717 2950 sollicitudinis
743 2876 863 2951 bellice
893 2879 1016 2977 longas
1039 2877 1203 2978 vigilias.
1231 2897 1266 2952 et
1294 2878 1370 2977 post
1397 2875 1474 2948 san-

472 2987 592 3086 guinei
620 2987 752 3063 sudoris
769 3015 918 3089 agonem
936 3047 944 3063 .
964 2990 1000 3062 in
1019 3016 1101 3090 pace
1119 2991 1155 3063 in
1173 2990 1210 3066 id
1228 2989 1340 3090 ipsum
1359 2989 1474 3064 suavi-

473 3117 526 3172 ter
539 3101 762 3200 requiescens.
799 3103 881 3175 Hec
898 3128 982 3176 vero
995 3104 1188 3179 increduli:
1207 3104 1243 3178 in
1256 3103 1472 3178 contrarium

385 3258 391 3270 ·
435 3257 441 3271 ·
472 3230 729 3287 converterunt.
788 3217 943 3311 Quando
969 3242 1053 3290 vero
1084 3217 1310 3317 triumphum·
1332 3217 1377 3290 de
1404 3216 1473 3290 ini-

472 3323 572 3397 micis
589 3325 842 3400 consummavit
862 3384 870 3400 .
890 3344 975 3402 tunc
1003 3329 1034 3403 se
1059 3356 1176 3430 regem
1194 3331 1362 3403 victorem
1379 3330 1472 3403 livor

471 3437 626 3511 devictus
642 3438 755 3513 vicisse
781 3440 952 3515 credebat.
1006 3441 1081 3539 lpse
1107 3462 1224 3516 autem
1241 3443 1329 3543 quid
1352 3441 1472 3542 egisset

474 3576 544 3624 non
574 3550 738 3640 incertus,
768 3572 874 3652 caput
901 3554 1080 3644 invictum,
1111 3573 1147 3629 et
1174 3558 1286 3630 donec
1317 3555 1472 3629 vinceret

472 3664 604 3765 semper
634 3672 787 3740 erectum
817 3668 854 3740 in
885 3668 1069 3768 sompnum
1100 3688 1172 3744 tam
1204 3671 1305 3768 plene
1335 3668 1472 3744 securus

472 3777 662 3853 inclinavit.
717 3781 818 3854 Patet
839 3769 919 3881 jam*
941 3808 1048 3882 quam
1075 3782 1239 3881 peculiari
1263 3784 1359 3882 signo
1378 3783 1470 3856 fideli

470 3891 647 3965 adoratori
683 3891 743 3966 suo
779 3895 958 3968 victoriam
1001 3894 1181 3968 meliorem
1224 3922 1331 3996 quam
1365 3897 1470 3970 ceteri

640 4021 650 4060 ¹
673 4023 768 4080 Immo
790 4066 797 4082 .
821 4069 828 4084 .
851 4065 859 4081 .
880 4023 1017 4099 abjccissc,
1033 4025 1094 4095 H.;
1115 4025 1245 4094 omitted,
1261 4025 1300 4084 G.
