4050 5640
792 491 881 571 Vita
910 490 1076 573 Haroldi
1099 492 1227 602 Regis.
1454 494 1507 604 67

508 697 603 775 suavi
621 700 796 801 justorum
819 697 993 774 sanctitate
1021 757 1029 773 .
1056 728 1163 802 quam
1193 701 1305 776 dulcis
1332 720 1366 776 et
1398 699 1511 777 suavis

506 813 554 887 est
570 813 764 887 sanctorum
782 815 949 905 Sanetus3
975 813 1134 915 factuque
1157 815 1254 888 ducit
1275 815 1451 913 optimum
1474 816 1511 889 in

506 926 682 1028 reliquum
708 953 829 1000 vacare
858 927 994 1027 plenius
1025 983 1033 1000 .
1064 944 1106 1000 ut
1136 928 1253 1000 videat
1283 927 1509 1027 perfeccius.

505 1039 587 1116 sciat
602 1040 736 1116 felicius
749 1040 831 1142 quia
847 1041 1025 1115 Dominus
1047 1039 1118 1140 ipse
1140 1041 1189 1115 est
1214 1044 1323 1116 Deus.
1376 1044 1512 1117 Verum

507 1181 551 1229 ne
592 1154 782 1254 corpmnlis
822 1154 961 1228 vacario
998 1170 1039 1227 ut
1080 1153 1128 1228 est
1162 1153 1329 1228 familiare
1363 1154 1512 1229 incautis

505 1265 624 1341 animo
641 1265 782 1341 inferret
808 1265 930 1343 feriato
952 1265 1131 1368 ignaviam
1159 1285 1220 1341 aut
1245 1285 1425 1366 torporem
1445 1324 1454 1342 .
1473 1267 1511 1341 in

506 1381 566 1455 illa
588 1380 802 1480 potissimum
820 1405 941 1454 vacare
965 1396 1057 1454 terra
1083 1396 1118 1453 et
1144 1377 1316 1479 quiescere
1343 1382 1512 1482 preelegit

505 1518 549 1567 ex
578 1493 679 1593 cujus
708 1492 863 1567 incolatu
893 1491 1062 1591 patiencie
1081 1510 1117 1566 et
1148 1491 1377 1593 benignitatis
1399 1493 1513 1594 majus

505 1605 709 1680 exercitium
738 1602 920 1706 majusque
946 1622 1215 1705 argumentum:
1250 1592 1453 1679 habiturum
1480 1604 1513 1680 se

507 1718 816 1818 exhibiturumque
865 1718 1026 1818 previdit.
1104 1719 1238 1793 Sciebat
1288 1717 1513 1818 perfeccionis

506 1833 647 1906 culmen
664 1831 765 1932 cujus
781 1836 919 1930 pectore
931 1829 1008 1932 jam
1024 1831 1172 1905 dilatato
1188 1830 1330 1932 gerebat
1346 1832 1514 1932 amplitu-

507 1943 657 2019 dinem.
685 1944 783 2018 ineo
807 1969 915 2043 quam
940 1944 1091 2017 maxime
1116 1943 1269 2016 eminere
1294 1944 1394 2045 quod
1420 1944 1514 2019 filius

508 2055 713 2156 unigenitus
729 2053 854 2129 summi
872 2057 980 2156 patris
997 2055 1164 2130 fratribus
1176 2054 1353 2156 adoptivis
1363 2055 1513 2131 indicere

506 2167 675 2269 dignatus
703 2168 813 2242 estet
838 2171 997 2245 docere.
1023 2168 1150 2242 Orate¹
1181 2223 1190 2242 .
1218 2168 1381 2268 inquiens
1407 2227 1416 2244 .
1442 2190 1511 2267 pro

507 2283 798 2356 calumniantibus
828 2296 862 2355 et
889 2285 1165 2381 persequentibus
1198 2307 1261 2354 vos
1293 2337 1302 2356 .
1333 2283 1515 2379 benefacite

508 2399 578 2469 hiis
596 2399 656 2494 qui
677 2396 823 2469 oderunt
840 2421 903 2469 vos
922 2453 931 2469 .
951 2410 991 2469 ret
1006 2396 1089 2489 fitis
1101 2396 1177 2486 filii
1189 2397 1309 2492 patris
1327 2395 1434 2485 vestri
1452 2398 1512 2493 qui

507 2510 639 2582 incelis
657 2509 703 2600 est
727 2511 786 2607 qui
802 2511 900 2606 facit
912 2510 1022 2605 solem
1034 2512 1140 2603 suum
1166 2510 1259 2581 oriri
1272 2511 1383 2604 super
1409 2508 1512 2581 bonos

509 2638 543 2693 et
585 2622 692 2694 malos
737 2676 746 2695 .
789 2638 822 2694 et
858 2622 956 2719 pluit
985 2625 1096 2719 super
1128 2621 1242 2718 justos
1286 2637 1319 2693 et
1357 2621 1509 2716 injustos.

506 2733 677 2836 Aspirans
705 2735 816 2836 igitur
844 2736 1050 2835 precordiali
1076 2735 1199 2809 affectu
1224 2735 1269 2808 ad
1295 2760 1376 2807 vere
1407 2733 1512 2834 hujus
1527 2752 1543 2801 f·
1558 2753 1619 2812 1⁷1²

508 2847 732 2948 perfeccionis
754 2847 921 2922 meritum
940 2865 976 2922 et
999 2849 1173 2948 premium
1193 2849 1237 2923 ad
1262 2872 1370 2948 quam
1390 2846 1513 2945 pocius

507 2961 651 3035 tendere
668 2960 723 3034 vel
743 2959 779 3033 in
797 2987 868 3060 qua
885 2987 1023 3035 manere
1049 2979 1141 3035 terra
1163 2986 1270 3060 quam
1287 2959 1332 3033 ad
1358 2958 1456 3032 illam
1476 2975 1512 3032 et

508 3072 546 3146 in
579 3073 639 3146 illa
671 3072 841 3148 debuillet
874 3101 944 3175 que
978 3092 1032 3148 tot
1066 3073 1116 3149 sui
1143 3070 1397 3173 persecutores:
1424 3090 1513 3174 quot

508 3184 603 3259 illius
627 3185 825 3285 possessores
860 3243 868 3260 .
904 3203 993 3287 quot
1028 3188 1065 3261 in
1100 3187 1161 3259 illa
1194 3202 1356 3284 potentes
1389 3201 1446 3258 tot
1480 3183 1514 3260 se

509 3300 692 3374 odientes.
712 3316 768 3374 tot
793 3299 902 3375 ferme
919 3298 952 3375 se
969 3301 1244 3401 calumpniantes
1264 3315 1355 3399 quot
1378 3298 1438 3372 fibi
1456 3300 1513 3372 vel

509 3409 603 3485 dese
626 3413 813 3512 loquentes
837 3413 1004 3488 continet.
1057 3415 1135 3488 Nec
1156 3437 1243 3487 vero
1264 3429 1394 3485 temere
1417 3412 1513 3512 jam:

509 3540 582 3598 tarn
598 3523 684 3598 forti
708 3523 740 3598 se
762 3526 873 3600 credit
897 3527 1079 3601 certamini
1099 3524 1292 3602 committit
1312 3521 1513 3598 discrimini.

509 3637 596 3710 Non
622 3635 716 3711 enim
741 3639 881 3738 ignorat
905 3638 1035 3713 interni
1061 3638 1111 3713 sui
1137 3637 1246 3713 robur
1271 3635 1515 3711 inhabitatoris

509 3774 616 3848 quem
634 3748 851 3824 inhabitabat
869 3808 878 3825 .
896 3768 932 3825 et
948 3778 1054 3852 aquo
1068 3750 1327 3826 inhabitabatur
1339 3774 1403 3822 nec
1419 3766 1516 3822 veta·

511 3860 631 3935 batur²
671 3887 753 3936 cum
787 3863 942 3963 apostolo
980 3866 1112 3941 dicere:
1152 3863 1226 3937 An8
1259 3863 1516 3960 experimentum

510 3977 655 4071 queritis
672 3977 743 4074 ejus
761 3979 821 4076 qui
837 3980 875 4050 in
893 4003 941 4051 me
957 3979 1112 4076 loquitur
1133 3979 1321 4069 Christus?

616 4135 627 4174 ¹
650 4134 737 4195 Matr.
751 4157 778 4195 v.
793 4155 842 4215 44,
858 4152 907 4215 45.
1056 4139 1070 4178 ²
1090 4140 1200 4210 H.M.;
1221 4143 1378 4211 verebatur,
1393 4141 1434 4201 G.

887 4219 900 4256 ⁸
922 4237 937 4276 e
954 4218 1022 4278 Cor.
1037 4220 1096 4279 xiii.
1114 4238 1141 4295 3.
