4050 5640
528 447 575 525 16
805 448 844 526 V
839 447 894 525 ita
922 446 1086 526 Haroldi
1110 448 1238 556 Regis.

518 659 562 732 de
589 658 669 730 hiis1
698 657 781 731 alias
808 658 869 758 qui
894 658 1045 731 voluerit
1072 660 1173 757 plura
1196 657 1361 757 inquirat.
1421 657 1522 754 Quo²

517 773 611 844 enim
624 774 668 847 ad
680 771 868 870 susceptam
881 773 1007 844 attinet
1019 772 1199 845 materiam
1215 830 1223 845 .
1239 771 1317 844 satis
1333 771 1382 844 est
1399 771 1522 844 iccirco

518 910 581 956 nos
608 887 663 957 vel
693 884 934 982 compendiose
961 885 1022 957 ista
1048 884 1226 984 prelibasse
1253 911 1297 957 ne
1328 883 1521 957 inconsulte

516 997 714 1071 videremur
742 997 803 1071 illa
828 998 1020 1095 preteriffe:
1048 997 1257 1097 queminus
1282 996 1519 1096 intelligentes

515 1112 559 1184 ad
577 1108 662 1183 servi
681 1110 748 1183 Dei
774 1111 929 1185 Haroldi
953 1110 1203 1184 contumeliam
1225 1109 1388 1184 novimus
1406 1108 1520 1182 intor-

515 1222 584 1295 fille
603 1280 611 1295 .
631 1249 711 1295 cum
738 1221 858 1296 sanum
886 1221 1053 1321 sapientes
1080 1224 1143 1295 hec
1165 1248 1273 1322 quam
1300 1221 1450 1295 maxime
1473 1223 1518 1296 ad

515 1334 617 1433 ipfius
659 1336 809 1435 gloriam
854 1335 996 1409 videant
1040 1335 1224 1435 pertinere.
1293 1334 1367 1432 Qui
1422 1334 1517 1408 enim

513 1448 624 1546 gratia
648 1448 837 1522 comitante
865 1447 985 1523 divina
1007 1449 1138 1521 vicium
1155 1448 1239 1521 vicit
1265 1449 1364 1547 quod
1391 1465 1432 1520 ut
1462 1447 1515 1520 isti

513 1562 639 1634 volunt
676 1578 800 1634 natura
836 1560 964 1633 inflixit
998 1563 1096 1661 quod
1134 1560 1313 1634 convidtus
1343 1559 1514 1634 instituit:

511 1699 554 1745 eo
584 1673 708 1773 utique
739 1673 965 1747 favorabilius
994 1673 1227 1771 triumphavit
1251 1729 1260 1745 .
1284 1698 1359 1770 quo
1385 1690 1420 1745 et
1448 1674 1515 1746 hoc

512 1784 624 1883 ipsum
641 1787 739 1883 quod
763 1803 865 1859 natus
884 1845 892 1860 .
911 1787 1009 1886 quod
1035 1788 1202 1860 educatus
1227 1785 1292 1858 est:
1320 1783 1514 1884 superando

512 1897 674 1970 mutavit.
727 1899 823 1970 Nam
841 1900 900 1971 etsi
918 1897 1009 1970 vicio
1035 1896 1105 1995 ipse
1122 1924 1265 1998 quoque
1292 1914 1332 1969 ut
1356 1896 1513 1970 asseritur

511 2036 577 2083 evo
594 2012 708 2084 adhuc
725 2011 823 2084 rudis
840 2011 961 2084 ceffilse
978 2009 1070 2083 visus
1088 2010 1134 2082 est
1153 2068 1161 2083 .
1181 2037 1200 2082 a
1219 2028 1343 2085 natura
1359 2011 1457 2084 simul
1476 2028 1512 2083 et

511 2122 688 2195 nutritura
707 2181 715 2196 .
733 2123 941 2197 violenciam
959 2123 1071 2221 passus
1088 2123 1298 2198 estimandus
1315 2125 1373 2198 est.
1410 2124 1512 2197 Patet

510 2235 620 2336 igitur
649 2235 733 2334 quia
756 2254 922 2334 operante
949 2262 992 2308 eo
1017 2235 1080 2334 qui
1107 2237 1151 2309 de
1178 2237 1299 2310 eadem
1322 2237 1425 2309 mall'a
1450 2260 1511 2309 vas

508 2348 603 2422 aliud
622 2347 704 2421 facit
727 2349 763 2421 in
782 2351 952 2422 honorem
971 2406 979 2422 .
999 2349 1096 2422 aliud
1120 2349 1156 2422 in
1175 2349 1425 2423 contumeliam
1444 2407 1452 2423 .
1472 2349 1509 2424 id

507 2488 650 2562 quoque
668 2463 704 2535 in
722 2462 865 2536 virtutis
883 2464 1049 2536 Haroldo
1066 2461 1202 2536 versum
1225 2463 1273 2536 est
1291 2464 1457 2537 meritum
1474 2481 1509 2536 et

507 2574 620 2648 laudis
633 2575 837 2673 preconium
850 2576 948 2674 quod
965 2574 995 2647 ei
1010 2576 1054 2648 ad
1067 2574 1284 2674 vituperium
1302 2575 1344 2649 ab
1362 2576 1509 2650 indostis

507 2685 620 2759 suerat
634 2688 820 2788 objestum.
873 2688 927 2761 Sic
950 2688 1076 2761 rutilos
1101 2688 1264 2787 producit
1284 2746 1292 2762 .
1312 2689 1354 2762 lic
1372 2688 1509 2762 niveos³

505 2799 599 2897 quasi
631 2800 744 2873 nutrit
772 2799 927 2874 rosarum
962 2800 1207 2900 liliorumque:
1247 2799 1344 2901 spina
1377 2802 1506 2877 flores.

505 2938 658 3011 quorum
677 2912 897 3012 prerogative
915 2939 987 2986 non
1004 2912 1127 2988 adimit
1153 2912 1264 2986 immo
1280 2912 1402 2988 adicit⁴
1419 2940 1509 3014 qua-

505 3024 584 3097 litas
601 3024 766 3125 abjestior
783 3051 825 3099 ex
843 3025 1019 3100 consorcio
1036 3028 1218 3101 cumulum
1235 3026 1434 3101 venustatis.

583 3175 594 3213 ¹
617 3174 728 3246 H.M.;
750 3177 801 3246 his,
817 3176 855 3234 G.
1110 3174 1123 3214 ²
1143 3175 1253 3247 H.M.;
1275 3177 1370 3256 Quod,
1386 3177 1425 3236 G.

584 3255 597 3293 ³
618 3255 681 3324 H.;
702 3257 803 3328 niveas,
821 3257 907 3315 ΜΕ.
1109 3257 1123 3296 ⁴
1144 3256 1254 3327 H.M.;
1275 3258 1379 3334 adjicit,
1395 3257 1435 3318 G.

871 3693 1119 4015 spa
