1271 1567
265 504 329 528 Incipit
339 503 426 527 Prologus
435 504 454 521 in
462 504 503 521 vita
511 504 551 521 viri
559 503 665 521 venerabilis
675 502 751 521 Harola'i

382 532 466 556 quondam
475 532 572 556 Anglorum
583 532 634 555 regiJ.

357 598 360 603 ι
371 589 434 607 ICUT
447 589 510 607 federis
521 589 627 608 tabernaculi
639 589 671 607 sub
683 588 746 613 Moyse
755 603 759 607 .
767 589 834 619 &¹2¹2-

395 622 415 636 ut
428 617 490 642 templi
504 617 535 635 sub
548 618 641 636 Salomone
652 617 741 635 Dominici
756 631 760 635 .

395 645 455 664 divine
468 646 592 664 commendant
605 645 663 663 littere
675 645 762 663 construc-

396 678 453 692 tores:
466 673 491 692 ita
504 678 522 692 et
536 680 566 692 eos
578 673 691 698 prosecuntur
705 673 762 692 laudi-

258 702 291 720 bus
304 716 309 721 .
323 702 354 727 qui
371 702 468 720 devocione
482 708 538 726 prona
550 701 613 720 offerre
626 706 657 720 aut
671 708 762 726 preparare

258 730 384 749 conſtructioni
392 730 489 748 necessaria:
499 730 573 748 fideliter
579 729 687 748 studuerunt.
706 729 762 754 Apud

259 758 359 776 Neemiam¹
375 758 406 783 qui
419 758 515 776 deriserunt
530 757 630 776 edificantes
642 757 762 783 inprecacione

259 787 333 805 terribili
340 787 470 812 ¹percelluntur.
502 786 636 805 Reedificatores
651 786 743 804 Ierusalem
757 800 761 804 .

259 815 318 833 titulis
334 815 356 833 ab
371 814 442 833 Hesdra
457 814 546 839 perpetuis
562 814 642 839 ascripti:
655 814 732 833 nominis
744 819 762 833 et

260 843 318 868 operis
330 843 354 861 sui
365 843 471 868 perhennem
480 843 551 867 posteris
560 842 663 861 memoriam
675 842 762 861 consecra—

261 876 309 890 runt.
336 871 447 896 Hujusmodi
454 871 570 890 consideracio
576 871 599 889 ad
605 871 697 889 serendum
703 871 764 896 quale-

260 906 330 924 cunque
345 899 445 924 suffragium
457 899 506 924 operi
521 899 579 917 san-sto
595 899 613 917 in
626 906 664 924 quo
677 898 764 917 desudatis

260 932 319 952 patres
330 927 421 946 reverendi
436 932 507 946 tenuem
519 927 560 946 licet
568 927 619 946 censu
628 932 646 946 et
655 927 722 946 viribus
730 927 764 946 im-

261 955 340 974 becillem
347 956 451 980 parvitatem
458 962 525 974 meam:
537 956 649 974 vehementer
658 962 699 974 vere
707 955 764 974 fateor

260 983 346 1002 incitavit.
372 984 447 1002 Accedit
456 984 526 1002 stimulo
539 983 580 1002 huic
593 983 686 1002 calcarium
694 983 764 1008 insuper

261 1012 299 1030 vice
308 1012 346 1037 jam
357 1012 405 1030 ultro
418 1012 495 1030 currenti
506 1026 510 1030 .
520 1011 561 1030 hinc
570 1011 646 1030 fraterna
655 1018 695 1030 cum
708 1011 764 1030 amica

261 1040 336 1058 suasione
350 1040 445 1064 postulatio
463 1054 467 1058 .
486 1040 526 1058 inde
544 1046 584 1058 cum
598 1045 670 1065 paterna
689 1040 764 1065 juffione

261 1068 334 1086 sollicita
359 1068 482 1087 commonicioi
517 1068 578 1086 Seneio
602 1068 675 1093 quidem
700 1068 765 1087 laboris

261 1096 334 1121 plenum
342 1110 346 1114 .
354 1096 378 1114 set
384 1096 462 1115 mercede
470 1096 519 1121 spero
526 1096 610 1114 refertum
618 1111 621 1114 .
629 1101 647 1114 et
656 1096 705 1121 quod
711 1096 764 1114 vester

471 1134 476 1144 ¹
487 1133 551 1149 Nehem.
558 1134 576 1149 vi.
