4050 5640
568 504 608 583 V
603 501 657 583 ita
686 498 850 584 Horoldi
874 498 1002 608 Regis.
1229 520 1281 604 73

285 710 405 784 culum
438 710 562 786 edebat
593 768 602 785 .
634 735 815 810 nunquam
842 705 1037 807 insumpto¹
1073 732 1146 780 uno
1179 706 1285 780 latere

285 823 379 897 latus
407 823 582 923 reliquum
602 821 798 923 attingebat
817 879 825 896 .
843 839 905 895 aut
928 819 1100 920 regirabat
1119 875 1128 894 .
1147 817 1204 894 sed
1229 817 1284 892 vel

196 964 201 977 ·
285 934 442 1009 ministro
458 936 515 1009 vel
532 961 646 1037 egeno
661 934 842 1010 liaffuillet
859 964 867 1009 :
887 933 1055 1008 intadum
1073 930 1283 1032 porrigebat.

285 1046 375 1148 Ejus
407 1048 574 1122 nimirum
607 1047 663 1121 vir
696 1046 830 1122 sandus
864 1045 1060 1121 intencione
1084 1044 1286 1146 rigidissima

285 1161 488 1259 complexus
503 1162 705 1261 exemplum
722 1161 824 1262 cujus
840 1160 900 1234 fibi
919 1159 1071 1234 nominis
1087 1157 1286 1233 vendicarat

285 1271 509 1372 participium
526 1301 535 1348 :
553 1272 679 1349 maluit
696 1273 935 1372 temporaliter
960 1296 1042 1345 cum
1067 1268 1205 1344 Christo
1223 1325 1232 1343 .
1250 1287 1286 1343 et

192 1427 194 1430 ·
284 1409 350 1484 pro
392 1383 531 1460 Christo
566 1384 642 1486 jam
684 1411 705 1459 a
746 1384 886 1459 Christo
926 1383 1039 1460 dictus
1073 1381 1287 1456 Christianus

284 1495 410 1597 despici
459 1515 495 1571 et
543 1497 668 1598 affligi:
719 1523 827 1597 quarn
870 1496 993 1571 mundi
1035 1494 1211 1569 favoribus
1251 1512 1287 1568 et

286 1610 544 1686 obledamentis
572 1609 760 1686 demulceri
779 1666 788 1684 .
806 1612 899 1686 unde
929 1627 964 1684 et
983 1607 1137 1709 seipsum
1167 1606 1287 1682 sevicie

285 1724 514 1799 Wallensrum
530 1726 625 1800 ultro
640 1725 788 1800 duxerat
810 1725 1059 1823 exponendum
1076 1747 1210 1821 ponens
1226 1721 1286 1795 libi

285 1855 366 1911 ante
395 1837 523 1911 mentis
548 1839 669 1913 oculos
693 1835 885 1937 paschalem
915 1840 1063 1937 Agnum
1086 1835 1149 1933 qui
1166 1832 1288 1935 sponte

287 1944 433 2048 seipsum
466 1949 614 2049 optulit²
646 1949 764 2051 impiis
804 1948 1037 2025 sacerdotibus
1079 1973 1145 2047 pro
1186 1947 1288 2021 nobis

287 2061 554 2136 immolandum.

336 2174 432 2247 Sicut
479 2173 591 2248 enirn8
639 2175 796 2249 Christus
837 2173 1030 2249 ambulavit
1073 2171 1289 2248 Christianus

288 2285 431 2385 cupiens
460 2286 636 2362 ambulare
662 2290 811 2387 Agnum
837 2313 945 2387 quem
972 2286 1069 2364 forte
1094 2285 1190 2387 sequi
1216 2311 1288 2360 non

288 2416 425 2497 poterat
472 2425 534 2499 per
575 2399 745 2474 illibatam
785 2401 897 2475 carnis
938 2399 1153 2476 mundiciam
1193 2397 1288 2498 sequi

287 2509 463 2596 festinabat
481 2537 708 2612 quocumque
738 2511 802 2587 iret
831 2529 910 2587 tum
936 2539 999 2613 per
1023 2513 1147 2588 mundi
1175 2511 1290 2586 cordia

288 2624 477 2722 puritatem
511 2680 520 2698 .
555 2643 634 2697 tum
669 2650 731 2724 per
757 2625 870 2700 affliui
901 2624 1056 2725 corporis
1088 2625 1287 2724 pollionem.

288 2737 453 2813 Paciendi
495 2763 647 2837 namque
690 2736 825 2813 servens
866 2764 984 2813 amore
1026 2739 1121 2841 quast
1164 2762 1290 2838 parum

287 2865 453 2947 reputans
495 2848 666 2949 quicquid
705 2848 775 2949 ipse
814 2849 887 2934 sibi
909 2848 1061 2925 carnifex
1102 2847 1291 2951 asperitatis

288 2959 454 3035 intulisset
487 2961 624 3060 corpori
659 2979 694 3035 et
728 2961 841 3037 inedie
874 2962 979 3038 effere
1003 2962 1119 3064 gentis
1143 2961 1291 3037 libenter

289 3073 400 3148 adivit
417 3072 689 3148 contubernium
708 3130 716 3148 .
736 3101 842 3175 aqua
867 3077 927 3150 etsi
948 3073 1139 3177 quominus
1156 3074 1292 3149 crucifi-

288 3186 445 3285 gendum
462 3187 568 3261 variis
582 3204 701 3261 tarnen
713 3189 829 3264 modis
841 3186 873 3262 se
890 3205 1036 3262 noverat
1052 3186 1288 3288 affligendum.

288 3298 365 3371 Nec
399 3297 494 3372 secut
526 3325 635 3398 quam
668 3299 824 3399 sperabat
849 3318 885 3376 et
912 3299 1076 3400 optabat:
1102 3299 1145 3373 ab
1173 3298 1291 3381 infidia

290 3406 479 3511 setinisque
496 3411 719 3488 homunculis
736 3413 881 3512 pertulit
900 3468 909 3487 .
927 3410 1128 3488 verberibus
1140 3437 1291 3511 namque

291 3518 466 3596 scviliimis
495 3548 515 3596 a
545 3524 748 3599 latrunculis
776 3551 900 3599 eorum
929 3523 1042 3624 sepius
1068 3524 1292 3599 vehementer

291 3635 433 3709 attritus
449 3635 578 3736 quibus
594 3635 699 3711 etiarn
716 3638 851 3737 pollent
873 3635 1052 3739 dampnis²
1068 3635 1292 3716 afficiebatur.

328 3815 340 3856 ¹
362 3817 449 3880 HM.
464 3843 474 3890 ς
495 3818 669 3901 consumpto,
683 3821 723 3880 G.
921 3819 935 3860 2
955 3818 1065 3890 H.M.;
1085 3819 1195 3892 obtulit,
1210 3818 1249 3879 G.

328 3896 342 3937 ³
362 3898 430 3957 The
445 3898 491 3959 use
506 3900 541 3959 of
550 3902 599 3962 tbe
613 3901 726 3962 ancient
738 3901 892 3963 diacritical
906 3902 985 3962 mark
999 3902 1035 3961 os
1044 3900 1233 3961 abbreviation
1246 3899 1291 3960 sor

290 3978 345 4039 this
358 3979 436 4039 word
448 3980 517 4062 (nt.)
530 4001 596 4060 goes
610 3982 652 4041 ser
666 3995 695 4042 to
708 3983 782 4042 lhew
796 3984 858 4041 that
871 3984 921 4043 tbe
936 3981 1025 4042 scribe
1037 3981 1074 4040 of
1086 3981 1141 4040 thir
1155 3981 1221 4041 MS.
1236 4001 1291 4040 vac
1383 3987 1387 3996 ‘

289 4060 357 4119 herc
369 4062 489 4140 copying
500 4062 574 4123 from
584 4083 620 4123 an
630 4062 745 4141 original
760 4061 922 4135 document,
930 4063 1011 4142 quite
1025 4082 1054 4121 aa
1067 4061 1124 4137 old,
1135 4061 1295 4142 inpoint‘of

289 4140 477 4293 dapeiffibp
487 4143 663 4295 ffnpglusagr
674 4143 770 4204 which
784 4144 807 4204 it
820 4142 950 4224 proposes
964 4158 997 4226 to
1006 4158 1133 4222 nutare..
