4050 5640
573 462 662 545 Vita
693 462 860 544 Haroldi
886 464 1014 572 Regis.
1236 491 1258 573 5
1264 492 1286 573 5

285 665 435 765 suspiriis
451 685 487 741 et
505 668 665 767 precibus
682 689 823 769 agentes
840 668 1060 769 insompnem
1078 669 1288 745 familiarem

284 778 395 852 sanese
425 781 550 854 crucis1
577 782 771 880 expecierat
798 781 1079 856 subventionem.
1146 785 1188 857 ln
1216 782 1288 883 ipsa

283 918 367 965 vero
385 899 486 966 noste
509 893 642 967 astititit
661 895 697 967 in
715 896 843 968 visione
861 895 958 969 servo
976 895 1123 968 Domini
1151 895 1286 970 Elsrno²

282 1006 398 1078 abbati
434 1007 637 1081 Ramesrensr
671 1007 803 1081 sanetus
841 1026 876 1081 et
910 1008 996 1107 vigil
1041 1025 1286 1109 propugnator

281 1118 424 1193 suorum
442 1146 502 1192 rex
528 1120 723 1194 Edwardus
750 1121 963 1218 predecessor
980 1121 1046 1194 viri
1065 1121 1233 1195 merentis
1249 1140 1285 1197 ct

283 1232 397 1305 afflicti
423 1259 625 1330 exponens.
645 1233 760 1305 abbati
779 1235 870 1334 regis
881 1253 1071 1334 utrumque
1082 1252 1117 1307 et
1131 1235 1286 1333 corporis

283 1343 409 1418 scilicet
427 1361 462 1417 et
481 1344 596 1418 cordis
612 1344 878 1420 incommodum
896 1345 1129 1446 cogitationes
1147 1345 1285 1446 insuper

283 1456 378 1531 illius
395 1457 431 1530 in
449 1457 555 1530 cubili
574 1456 635 1530 suo
652 1458 683 1531 ei
702 1457 921 1532 manifestans
939 1516 947 1532 .
967 1457 1179 1559 mittensque
1202 1485 1284 1532 eum

283 1589 318 1643 et
344 1571 462 1644 dicens
484 1569 526 1643 ei.
580 1581 603 1612 “
617 1572 768 1670 Surgens
785 1572 873 1646 vade
900 1590 934 1644 et
964 1571 1189 1644 annunciabis
1209 1571 1283 1670 regi

283 1683 394 1755 vestro
410 1709 454 1756 ex
470 1708 527 1756 me
544 1682 627 1782 quia
643 1701 679 1755 et
698 1682 864 1782 presentis
889 1683 938 1757 sui
962 1683 1095 1756 doloris
1113 1684 1283 1757 medelam

282 1814 317 1868 et
341 1794 557 1867 imminentis
576 1794 657 1867 belli
684 1821 740 1867 me
757 1795 1010 1870 interveniente
1027 1798 1126 1868 Deus
1143 1795 1173 1868 ei
1199 1821 1286 1868 con-

283 1909 374 1980 cessit
409 1908 600 1981 vidoriam.
652 1907 703 1980 Sit
734 1908 765 1980 ei
796 1909 1054 2007 cogitacionum
1084 1908 1198 1982 cordis
1232 1908 1283 1983 sui

282 2021 450 2093 revelatio
468 2019 707 2121 consequende
718 2019 950 2095 incontinenti
964 2020 1135 2094 divinitus
1148 2020 1283 2120 signum

281 2133 451 2207 medicine
477 2134 516 2205 srt
541 2150 577 2206 et
602 2133 827 2206 revelacionis
852 2133 988 2207 insolite
1013 2150 1282 2232 argumentum:
1381 2206 1385 2214 .

281 2247 478 2345 capessende
495 2247 637 2320 victorie
662 2246 857 2347 presagium
882 2246 1155 2321 indubitatum.’'
1207 2247 1283 2321 Rex

280 2361 399 2460 itaque
423 2377 463 2433 ut
491 2359 609 2458 paucis
636 2377 778 2433 utamur
804 2360 934 2433 divinis
951 2377 1094 2433 curatur
1112 2356 1285 2434 beneficiis

279 2473 493 2546 exhilaratur
526 2473 686 2546 oraculis.
746 2472 876 2546 Hostes
919 2473 1066 2547 fidenter
1108 2474 1284 2569 aggressus

281 2584 381 2658 facile
406 2585 516 2658 vincit
552 2641 561 2658 .
596 2585 804 2684 quianon.
833 2584 901 2658 suis
934 2584 991 2659 sed
1025 2586 1120 2662 illius
1151 2586 1283 2660 viribus

281 2699 453 2797 superavit
482 2757 490 2772 .
522 2699 585 2798 qui
615 2698 710 2772 sanat
748 2699 919 2773 contritos
961 2703 1065 2776 corde
1102 2722 1137 2778 et
1160 2702 1281 2800 alligat

280 2811 508 2885 contritiones
524 2836 647 2884 eorum
667 2868 674 2884 .
694 2809 859 2884 deiciens8
877 2813 996 2910 gladio
1010 2814 1235 2915 diligentium
1249 2813 1281 2887 se

279 2924 390 2997 hostes
420 2921 572 2997 suorum.
626 2923 819 3023 Colligitur
844 2949 929 3022 ergo
956 2927 1094 3001 racione
1117 2955 1189 3001 non
1215 2927 1281 3000 im·

280 3036 451 3138 probabili
482 3036 678 3111 suadente.
705 3037 789 3138 quia
816 3035 1019 3113 sandilsrmo
1050 3041 1281 3139 predecell'ore

319 3179 330 3218 ¹
352 3179 462 3249 H.M.;
483 3180 578 3248 cercis,
594 3179 633 3238 G.

317 3261 331 3300 ²
351 3261 426 3319 This
433 3260 530 3318 Abbot
540 3259 1278 3340 ElfiunsistheAlswynusorAylwynusofDugdale‚

277 3344 342 3401 who
366 3342 459 3420 places
485 3341 546 3398 him
574 3339 648 3399 from
671 3361 727 3400 ab.
755 3358 934 3419 ¹043·1079·
987 3343 1054 3401 The
1078 3344 1278 3419 Angla-saxon

278 3422 421 3481 chronicle
445 3423 584 3479 mentions
610 3421 671 3480 him
692 3442 721 3479 as
744 3421 881 3480 AElfwine
906 3423 935 3480 in
957 3443 1015 3481 am.
1040 3422 1115 3501 1046
1135 3443 1167 3481 or
1192 3426 1277 3501 1048.

278 3504 327 3562 He
348 3523 445 3561 occurs
466 3502 495 3559 in
516 3501 619 3560 several
646 3503 769 3560 charters
791 3503 821 3560 in
842 3503 988 3561 Kemble's
1004 3505 1093 3564 Codex
1111 3525 1139 3562 as
1152 3505 1278 3563 Alwinut

278 3584 348 3659 (No.
360 3585 441 3661 809),
453 3582 605 3642 AElfwinus
616 3582 699 3658 (Nos.
713 3585 779 3659 853,
791 3600 860 3660 904,
869 3583 950 3663 919),
962 3583 1099 3642 AElfwine
1112 3585 1182 3660 (No.
1196 3587 1212 3642 8
1217 3587 1277 3660 53),

277 3664 396 3723 AElswin
419 3663 489 3738 (No.
511 3663 592 3740 904),
613 3663 668 3721 and
689 3662 834 3741 AElfwyne
858 3664 929 3739 (No.
944 3667 1025 3742 904).
1074 3665 1142 3723 The
1167 3666 1276 3723 French

277 3746 403 3803 metrical
418 3764 503 3821 poem
518 3744 630 3820 printed
646 3743 682 3821 by
696 3743 768 3804 Rev.
784 3743 843 3802 Mr.
852 3744 948 3803 Luard
960 3766 1062 3822 among
1076 3747 1124 3804 the
1140 3754 1158 3780 ‘⁸
1169 3746 1277 3804 Master

275 3827 310 3883 os
321 3827 368 3884 the
384 3824 463 3883 Rolls
478 3825 568 3883 Series
577 3824 595 3850 ''
610 3824 680 3900 (No.
697 3827 737 3900 3),
752 3845 780 3903 p.
799 3842 863 3902 143,
878 3825 953 3903 says:

517 3937 535 3966 ‘⁴
545 3931 613 3990 Une
627 3931 692 3989 abss
706 3930 737 3989 fu
752 3930 787 3988 de
802 3930 942 4002 Ramseie‚

545 4011 583 4069 Ki
600 4011 685 4071 Alexa
699 4028 748 4070 ont
763 4032 831 4081 nun,
846 4012 881 4070 de
897 4013 984 4072 seinte
999 4013 1052 4083 vie,

546 4093 569 4150 E
585 4093 605 4151 li
618 4108 716 4169 aparut
731 4093 800 4152 scint
814 4094 1045 4163 Aedward‚''etc.
1153 4156 1154 4159 ¹

315 4199 326 4236 ³
350 4198 457 4266 H.M.;
479 4197 623 4273 dejiciens,
639 4197 677 4256 G.
