4050 5640
797 445 885 525 Vita
916 445 1081 525 Haroldi
1106 448 1233 554 Regis.
1462 476 1485 552 9
1492 474 1512 552 5

512 655 587 753 post
620 656 718 755 regni
755 654 805 728 sui
841 656 1053 728 amissionem
1083 673 1118 728 et
1152 659 1337 757 plagarum
1373 656 1512 731 suarum

510 793 596 866 quas
613 795 632 840 a
650 769 866 841 Normannis
884 770 1074 866 pertulerat
1086 770 1304 842 curacionem
1320 828 1328 843 .
1342 789 1510 870 tanquam

510 881 713 979 peregrinus
735 882 780 956 ad
804 883 879 955 loca
909 881 1020 954 sancta
1047 908 1108 979 per
1125 900 1233 955 terras
1250 884 1379 956 multas
1409 878 1588 956 tune1‘·²4

510 993 658 1092 arripuit
690 1050 698 1066 .
726 1013 762 1066 et
796 995 858 1067 diu
893 995 930 1067 in
961 995 1022 1067 tali
1056 995 1337 1095 peregrinacione
1367 1014 1512 1096 propter

510 1108 628 1179 Deum
671 1106 852 1180 laboravit.
931 1107 1160 1181 Postmodum
1208 1135 1292 1181 vero
1339 1107 1511 1183 senectute

510 1218 654 1293 aridus.
673 1237 708 1291 et
732 1219 965 1293 diuturnitate
991 1219 1125 1293 itineris
1144 1219 1339 1293 confractus
1361 1219 1510 1320 fatigato

509 1330 648 1429 corpori
666 1331 807 1404 alterius
828 1333 925 1405 modi
956 1332 1160 1431 religionem
1191 1333 1342 1407 indicere
1369 1333 1510 1407 studuit.

511 1444 569 1516 Set
597 1444 679 1541 quia
708 1444 832 1517 natalis
864 1443 925 1517 soli
954 1443 1086 1542 semper
1116 1445 1228 1518 dulcis
1250 1444 1315 1518 elle
1342 1444 1428 1518 solet
1458 1446 1513 1518 in-

511 1555 708 1630 habitacio:
735 1558 780 1630 ad
794 1558 963 1656 Angliam
987 1558 1087 1657 cujus
1106 1576 1185 1630 ante
1207 1584 1267 1630 rex
1289 1558 1407 1630 extitit
1429 1584 1514 1631 con-

510 1669 581 1741 cito
599 1671 801 1768 properavit
820 1728 829 1743 .
849 1689 890 1743 ut
918 1670 965 1742 ibi
988 1697 1120 1769 pauper
1145 1689 1180 1744 et
1201 1672 1300 1746 vilis:
1327 1688 1362 1744 et
1391 1672 1512 1745 habitu

510 1782 676 1855 humilis:
728 1783 902 1857 refiduum
944 1783 1017 1857 vite
1060 1782 1117 1857 sue
1160 1803 1398 1882 percurreret:
1450 1784 1511 1859 ubi

509 1897 689 1994 quondam
707 1922 768 1968 rex
784 1895 883 1969 dives
899 1913 934 1968 et
953 1894 1108 1969 sublimis
1127 1954 1134 1969 .
1156 1897 1191 1968 in
1203 1897 1351 1969 vestibus
1368 1898 1512 1971 amictus

509 2008 666 2105 preciosrs
695 2064 703 2081 .
735 2008 900 2082 floruerat
928 2065 937 2081 .
968 2027 1003 2081 et
1030 2025 1131 2082 tanto
1158 2010 1253 2107 apud
1283 2013 1400 2082 Deum
1435 2010 1511 2110 ejus

508 2118 669 2193 cresceret
703 2121 870 2194 meritum
901 2178 910 2194 .
939 2139 1074 2221 quanto
1101 2122 1342 2221 benigniorem
1372 2141 1508 2222 gereret

508 2233 665 2306 animum
699 2235 797 2332 quod
839 2233 984 2308 cotidie2
1027 2234 1136 2332 posset
1179 2233 1390 2308 adversarios
1432 2235 1510 2308 suos

508 2345 634 2419 intueri
662 2403 671 2418 .
698 2354 733 2418 et
757 2345 794 2418 in
817 2372 927 2445 regno
953 2348 1052 2446 quod
1072 2345 1228 2420 amiserat
1257 2346 1447 2445 prosperari
1473 2365 1509 2421 et

507 2457 698 2532 secundum
740 2475 945 2558 preceptum
993 2460 1140 2532 Domini
1190 2486 1255 2558 pro
1299 2461 1348 2532 eis
1389 2463 1509 2533 Deum

509 2574 658 2647 fideliter
692 2575 879 2673 deprecari.
933 2576 1120 2674 Postquam
1156 2577 1280 2649 natalis
1323 2576 1385 2648 soli
1423 2577 1509 2650 fines

508 2686 626 2787 attigit
653 2687 827 2760 eremitice
845 2687 917 2760 vite
945 2687 1169 2761 solitudinem
1199 2689 1305 2789 elegit
1333 2706 1368 2763 et
1395 2688 1443 2761 ibi
1471 2688 1508 2761 in

508 2800 668 2899 pluribus
685 2800 770 2874 locis
799 2801 1020 2877 conversatus
1050 2803 1093 2875 ab
1120 2802 1284 2876 omnibus
1305 2802 1507 2903 incognitus

509 2912 616 3012 usque
645 2939 719 3013 quo
748 2914 878 2986 cunctis
908 2914 1053 2987 terrenis
1079 2932 1276 2988 extremum
1303 2914 1507 2989 valefaceret

508 3026 656 3099 fideliter
698 3029 778 3099 Deo
821 3027 1037 3100 ministravit.
1112 3029 1196 3100 Non
1239 3044 1358 3101 autem
1400 3028 1506 3102 animi

505 3137 645 3211 levitate
662 3136 751 3211 facta
767 3136 815 3211 est
831 3136 875 3210 ab
892 3164 935 3211 eo
949 3139 1108 3211 locorum
1126 3138 1301 3212 mutacio.
1321 3137 1369 3212 set
1382 3165 1509 3239 quere-

506 3248 566 3322 bat
584 3250 644 3323 ubi
663 3250 819 3350 quiecius
836 3249 976 3324 serviret
994 3255 1084 3324 Deo,
1124 3250 1266 3325 Habuit
1280 3268 1396 3325 autem
1411 3251 1506 3326 idem

508 3362 562 3435 vir
587 3362 715 3435 nobilis
738 3362 934 3436 ministrum
957 3365 1137 3463 quondam
1165 3363 1316 3463 Moysen
1334 3365 1503 3439 nomine.

508 3474 571 3573 qui
598 3474 703 3548 michi
732 3475 794 3574 qui
821 3477 884 3548 hec
911 3475 1022 3548 scribo
1049 3474 1181 3549 incluso
1208 3476 1245 3549 in
1272 3478 1397 3550 eodem
1423 3478 1503 3551 loco

505 3588 600 3687 apud
630 3588 796 3661 Cestriam
823 3587 883 3660 ubi
914 3588 1079 3662 dominus
1116 3589 1302 3663 Haroldus
1336 3590 1504 3662 heremita

504 3719 539 3773 et
569 3701 701 3773 amicus
728 3700 795 3773 Dei
824 3700 931 3775 obiit:
968 3727 1030 3799 per
1068 3700 1249 3775 biennium
1285 3701 1501 3775 ministravit.

506 3813 642 3886 Eodem
660 3838 744 3887 vero
763 3812 889 3911 Moyse
909 3870 917 3886 .
935 3830 970 3887 et
990 3813 1073 3886 viris
1096 3813 1257 3887 fidelibus
1274 3812 1504 3887 referentibus

543 4009 554 4050 ¹
575 4009 635 4079 H.;
650 4011 712 4078 iter,
728 4009 816 4068 ΜΒ.
850 4009 924 4068 Thia
938 4011 1044 4087 passage
1059 4011 1162 4088 clearly
1174 4011 1259 4069 shows
1273 4012 1334 4069 that
1349 4011 1389 4070 G.
1401 4011 1500 4090 copied

504 4093 560 4162 M„
576 4090 630 4148 and
645 4090 694 4148 did
708 4106 758 4149 not
772 4091 871 4149 collate
887 4090 929 4151 hia
943 4105 1005 4149 text
1020 4111 1095 4171 upon
1109 4093 1158 4150 the
1174 4090 1241 4150 MS.
1255 4091 1338 4150 itself.

541 4172 554 4212 ²
576 4171 685 4241 H.M.;
706 4171 842 4250 quotidie,
858 4171 898 4230 G.
