<?xml version="1.0" encoding="UTF-8"?>
<!DOCTYPE html PUBLIC "-//W3C//DTD XHTML 1.0 Transitional//EN"
    "http://www.w3.org/TR/xhtml1/DTD/xhtml1-transitional.dtd">
<html xmlns="http://www.w3.org/1999/xhtml" xml:lang="en" lang="en">
 <head>
  <title>
</title>
<meta http-equiv="Content-Type" content="text/html;charset=utf-8" />
  <meta name='ocr-system' content='tesseract 3.04.00' />
  <meta name='ocr-capabilities' content='ocr_page ocr_carea ocr_par ocr_line ocrx_word'/>
</head>
<body>
  <div class='ocr_page' id='page_1' title='image "./vitaharoldiroma01musegoog_0091.png"; bbox 0 0 3938 5610; ppageno 0'>
   <div class='ocr_carea' id='block_1_1' title="bbox 489 447 1209 557">
    <p class='ocr_par' dir='ltr' id='par_1_1' title="bbox 489 447 1209 557">
     <span class='ocr_line' id='line_1_1' title="bbox 489 447 1209 557; baseline 0.004 -33"><span class='ocrx_word' id='word_1_1' title='bbox 489 447 539 525; x_wconf 82' lang='lat'>68</span> <span class='ocrx_word' id='word_1_2' title='bbox 771 449 860 528; x_wconf 82' lang='lat' dir='ltr'>Vita</span> <span class='ocrx_word' id='word_1_3' title='bbox 888 447 1054 529; x_wconf 77' lang='lat' dir='ltr'>Horoldi</span> <span class='ocrx_word' id='word_1_4' title='bbox 1079 447 1209 557; x_wconf 84' lang='lat' dir='ltr'>Regis.</span> 
     </span>
    </p>
   </div>
   <div class='ocr_carea' id='block_1_2' title="bbox 468 653 1492 3912">
    <p class='ocr_par' dir='ltr' id='par_1_2' title="bbox 468 653 1492 3912">
     <span class='ocr_line' id='line_1_2' title="bbox 536 653 1490 757; baseline -0.001 -26"><span class='ocrx_word' id='word_1_5' title='bbox 536 657 645 731; x_wconf 85' lang='lat' dir='ltr'>Tanti</span> <span class='ocrx_word' id='word_1_6' title='bbox 676 656 820 757; x_wconf 88' lang='lat' dir='ltr'>hospitis</span> <span class='ocrx_word' id='word_1_7' title='bbox 849 656 1058 732; x_wconf 79' lang='lat' dir='ltr'>consciencia</span> <span class='ocrx_word' id='word_1_8' title='bbox 1084 658 1167 731; x_wconf 90' lang='lat' dir='ltr'>lisus</span> <span class='ocrx_word' id='word_1_9' title='bbox 1197 655 1432 730; x_wconf 89' lang='lat' dir='ltr'>Christianum</span> <span class='ocrx_word' id='word_1_10' title='bbox 1457 653 1490 730; x_wconf 92' lang='lat' dir='ltr'>se</span> 
     </span>
     <span class='ocr_line' id='line_1_3' title="bbox 485 768 1491 870; baseline -0.002 -27"><span class='ocrx_word' id='word_1_11' title='bbox 485 771 601 843; x_wconf 95' lang='lat' dir='ltr'>voluit</span> <span class='ocrx_word' id='word_1_12' title='bbox 632 770 803 843; x_wconf 87' lang='lat' dir='ltr'>nominari</span> <span class='ocrx_word' id='word_1_13' title='bbox 829 828 838 845; x_wconf 90' lang='lat'><strong>.</strong></span> <span class='ocrx_word' id='word_1_14' title='bbox 860 789 900 844; x_wconf 93' lang='lat' dir='ltr'>ut</span> <span class='ocrx_word' id='word_1_15' title='bbox 928 771 959 844; x_wconf 94' lang='lat' dir='ltr'>ei</span> <span class='ocrx_word' id='word_1_16' title='bbox 988 772 1119 845; x_wconf 89' lang='lat' dir='ltr'>unione</span> <span class='ocrx_word' id='word_1_17' title='bbox 1139 770 1215 870; x_wconf 87' lang='lat' dir='ltr'>jam</span> <span class='ocrx_word' id='word_1_18' title='bbox 1238 768 1379 868; x_wconf 87' lang='lat' dir='ltr'>spiritus</span> <span class='ocrx_word' id='word_1_19' title='bbox 1405 794 1491 841; x_wconf 92' lang='lat' dir='ltr'>con-</span> 
     </span>
     <span class='ocr_line' id='line_1_4' title="bbox 480 881 1491 983; baseline -0.002 -27"><span class='ocrx_word' id='word_1_20' title='bbox 480 881 637 983; x_wconf 78' lang='lat' dir='ltr'>junctus¹</span> <span class='ocrx_word' id='word_1_21' title='bbox 650 883 897 957; x_wconf 88' lang='lat' dir='ltr'>communione</span> <span class='ocrx_word' id='word_1_22' title='bbox 907 884 1066 957; x_wconf 87' lang='lat' dir='ltr'>uniretur</span> <span class='ocrx_word' id='word_1_23' title='bbox 1075 883 1181 957; x_wconf 89' lang='lat' dir='ltr'>etiam</span> <span class='ocrx_word' id='word_1_24' title='bbox 1193 881 1370 956; x_wconf 86' lang='lat' dir='ltr'>vocabuli:</span> <span class='ocrx_word' id='word_1_25' title='bbox 1384 907 1491 981; x_wconf 91' lang='lat' dir='ltr'>quem</span> 
     </span>
     <span class='ocr_line' id='line_1_5' title="bbox 486 993 1489 1095; baseline 0 -27"><span class='ocrx_word' id='word_1_26' title='bbox 486 993 519 1069; x_wconf 92' lang='lat' dir='ltr'>se</span> <span class='ocrx_word' id='word_1_27' title='bbox 536 995 790 1070; x_wconf 87' lang='lat' dir='ltr'>inhabitantem</span> <span class='ocrx_word' id='word_1_28' title='bbox 808 996 844 1069; x_wconf 93' lang='lat' dir='ltr'>in</span> <span class='ocrx_word' id='word_1_29' title='bbox 862 996 895 1070; x_wconf 91' lang='lat' dir='ltr'>se</span> <span class='ocrx_word' id='word_1_30' title='bbox 911 996 1025 1095; x_wconf 91' lang='lat' dir='ltr'>loqui:</span> <span class='ocrx_word' id='word_1_31' title='bbox 1051 995 1088 1068; x_wconf 93' lang='lat' dir='ltr'>in</span> <span class='ocrx_word' id='word_1_32' title='bbox 1106 993 1138 1069; x_wconf 90' lang='lat' dir='ltr'>se</span> <span class='ocrx_word' id='word_1_33' title='bbox 1150 1011 1294 1069; x_wconf 88' lang='lat' dir='ltr'>noverat</span> <span class='ocrx_word' id='word_1_34' title='bbox 1307 1011 1343 1068; x_wconf 91' lang='lat' dir='ltr'>et</span> <span class='ocrx_word' id='word_1_35' title='bbox 1354 994 1489 1092; x_wconf 88' lang='lat' dir='ltr'>operari</span> 
     </span>
     <span class='ocr_line' id='line_1_6' title="bbox 486 1105 1490 1208; baseline -0.002 -28"><span class='ocrx_word' id='word_1_36' title='bbox 486 1107 523 1181; x_wconf 91' lang='lat' dir='ltr'>in</span> <span class='ocrx_word' id='word_1_37' title='bbox 541 1105 573 1181; x_wconf 92' lang='lat' dir='ltr'>se</span> <span class='ocrx_word' id='word_1_38' title='bbox 590 1124 626 1182; x_wconf 87' lang='lat' dir='ltr'>et</span> <span class='ocrx_word' id='word_1_39' title='bbox 643 1108 728 1208; x_wconf 84' lang='lat' dir='ltr'>pati.</span> <span class='ocrx_word' id='word_1_40' title='bbox 780 1110 877 1182; x_wconf 88' lang='lat' dir='ltr'>Nam</span> <span class='ocrx_word' id='word_1_41' title='bbox 893 1126 929 1182; x_wconf 89' lang='lat' dir='ltr'>et</span> <span class='ocrx_word' id='word_1_42' title='bbox 947 1109 1038 1182; x_wconf 93' lang='lat' dir='ltr'>illud</span> <span class='ocrx_word' id='word_1_43' title='bbox 1054 1108 1160 1207; x_wconf 85' lang='lat' dir='ltr'>corde</span> <span class='ocrx_word' id='word_1_44' title='bbox 1177 1106 1236 1181; x_wconf 88' lang='lat' dir='ltr'>fibi</span> <span class='ocrx_word' id='word_1_45' title='bbox 1255 1163 1264 1180; x_wconf 90' lang='lat'><strong>.</strong></span> <span class='ocrx_word' id='word_1_46' title='bbox 1283 1131 1389 1205; x_wconf 88' lang='lat' dir='ltr'>opere</span> <span class='ocrx_word' id='word_1_47' title='bbox 1405 1131 1490 1179; x_wconf 90' lang='lat' dir='ltr'>vero</span> 
     </span>
     <span class='ocr_line' id='line_1_7' title="bbox 486 1218 1490 1322; baseline -0.004 -28"><span class='ocrx_word' id='word_1_48' title='bbox 486 1221 593 1294; x_wconf 92' lang='lat' dir='ltr'>etiam</span> <span class='ocrx_word' id='word_1_49' title='bbox 610 1221 712 1295; x_wconf 87' lang='lat' dir='ltr'>nobis</span> <span class='ocrx_word' id='word_1_50' title='bbox 728 1245 809 1295; x_wconf 92' lang='lat' dir='ltr'>cum</span> <span class='ocrx_word' id='word_1_51' title='bbox 828 1222 941 1296; x_wconf 90' lang='lat' dir='ltr'>Paulo</span> <span class='ocrx_word' id='word_1_52' title='bbox 957 1220 1192 1322; x_wconf 77' lang='lat' dir='ltr'>loquebaturr</span> <span class='ocrx_word' id='word_1_53' title='bbox 1212 1218 1490 1316; x_wconf 78' lang='lat' dir='ltr'>Omnia²poffirm</span> 
     </span>
     <span class='ocr_line' id='line_1_8' title="bbox 486 1333 1490 1433; baseline -0.001 -26"><span class='ocrx_word' id='word_1_54' title='bbox 486 1337 523 1408; x_wconf 85' lang='lat' dir='ltr'>in</span> <span class='ocrx_word' id='word_1_55' title='bbox 540 1360 573 1407; x_wconf 83' lang='lat' dir='ltr'>eo</span> <span class='ocrx_word' id='word_1_56' title='bbox 591 1337 650 1433; x_wconf 83' lang='lat' dir='ltr'>qui</span> <span class='ocrx_word' id='word_1_57' title='bbox 666 1337 908 1430; x_wconf 83' lang='lat' dir='ltr'>meconfortat.</span> <span class='ocrx_word' id='word_1_58' title='bbox 945 1335 1033 1408; x_wconf 91' lang='lat' dir='ltr'>Non</span> <span class='ocrx_word' id='word_1_59' title='bbox 1044 1335 1086 1407; x_wconf 88' lang='lat' dir='ltr'>lic</span> <span class='ocrx_word' id='word_1_60' title='bbox 1103 1333 1203 1432; x_wconf 92' lang='lat' dir='ltr'>impii</span> <span class='ocrx_word' id='word_1_61' title='bbox 1221 1391 1230 1407; x_wconf 88' lang='lat'><strong>.</strong></span> <span class='ocrx_word' id='word_1_62' title='bbox 1249 1358 1323 1406; x_wconf 89' lang='lat' dir='ltr'>non</span> <span class='ocrx_word' id='word_1_63' title='bbox 1340 1333 1383 1406; x_wconf 81' lang='lat' dir='ltr'>stc</span> <span class='ocrx_word' id='word_1_64' title='bbox 1399 1357 1490 1432; x_wconf 86' lang='lat' dir='ltr'>quos</span> 
     </span>
     <span class='ocr_line' id='line_1_9' title="bbox 485 1445 1489 1547; baseline -0.004 -27"><span class='ocrx_word' id='word_1_65' title='bbox 485 1448 784 1546; x_wconf 85' lang='lat' dir='ltr'>hostisversrpellis</span> <span class='ocrx_word' id='word_1_66' title='bbox 794 1447 900 1520; x_wconf 90' lang='lat' dir='ltr'>hostis</span> <span class='ocrx_word' id='word_1_67' title='bbox 906 1446 1071 1547; x_wconf 89' lang='lat' dir='ltr'>dejiciens</span> <span class='ocrx_word' id='word_1_68' title='bbox 1084 1465 1118 1520; x_wconf 90' lang='lat' dir='ltr'>et</span> <span class='ocrx_word' id='word_1_69' title='bbox 1133 1446 1287 1546; x_wconf 71' lang='lat' dir='ltr'>dejedus</span> <span class='ocrx_word' id='word_1_70' title='bbox 1301 1501 1309 1518; x_wconf 94' lang='lat'>.</span> <span class='ocrx_word' id='word_1_71' title='bbox 1321 1445 1364 1518; x_wconf 85' lang='lat' dir='ltr'>src</span> <span class='ocrx_word' id='word_1_72' title='bbox 1376 1460 1489 1518; x_wconf 88' lang='lat' dir='ltr'>armat</span> 
     </span>
     <span class='ocr_line' id='line_1_10' title="bbox 485 1556 1492 1659; baseline -0.002 -27"><span class='ocrx_word' id='word_1_73' title='bbox 485 1578 525 1633; x_wconf 91' lang='lat' dir='ltr'>ut</span> <span class='ocrx_word' id='word_1_74' title='bbox 544 1561 692 1659; x_wconf 88' lang='lat' dir='ltr'>perimat</span> <span class='ocrx_word' id='word_1_75' title='bbox 709 1560 751 1633; x_wconf 81' lang='lat' dir='ltr'>stc</span> <span class='ocrx_word' id='word_1_76' title='bbox 769 1560 909 1633; x_wconf 88' lang='lat' dir='ltr'>roborat</span> <span class='ocrx_word' id='word_1_77' title='bbox 927 1578 968 1633; x_wconf 93' lang='lat' dir='ltr'>ut</span> <span class='ocrx_word' id='word_1_78' title='bbox 985 1576 1138 1633; x_wconf 87' lang='lat' dir='ltr'>enervet.</span> <span class='ocrx_word' id='word_1_79' title='bbox 1189 1561 1305 1632; x_wconf 88' lang='lat' dir='ltr'>Docet</span> <span class='ocrx_word' id='word_1_80' title='bbox 1321 1556 1416 1631; x_wconf 88' lang='lat' dir='ltr'>enim</span> <span class='ocrx_word' id='word_1_81' title='bbox 1426 1582 1492 1630; x_wconf 90' lang='lat' dir='ltr'>vos</span> 
     </span>
     <span class='ocr_line' id='line_1_11' title="bbox 485 1672 1491 1773; baseline -0.004 -26"><span class='ocrx_word' id='word_1_82' title='bbox 485 1699 613 1773; x_wconf 86' lang='lat' dir='ltr'>ponere</span> <span class='ocrx_word' id='word_1_83' title='bbox 631 1699 768 1746; x_wconf 88' lang='lat' dir='ltr'>carnem</span> <span class='ocrx_word' id='word_1_84' title='bbox 783 1673 966 1747; x_wconf 85' lang='lat' dir='ltr'>brachium</span> <span class='ocrx_word' id='word_1_85' title='bbox 983 1673 1133 1747; x_wconf 88' lang='lat' dir='ltr'>vestrum</span> <span class='ocrx_word' id='word_1_86' title='bbox 1156 1690 1197 1745; x_wconf 92' lang='lat' dir='ltr'>ut</span> <span class='ocrx_word' id='word_1_87' title='bbox 1219 1672 1357 1745; x_wconf 86' lang='lat' dir='ltr'>recedat</span> <span class='ocrx_word' id='word_1_88' title='bbox 1373 1696 1394 1743; x_wconf 88' lang='lat' dir='ltr'>a</span> <span class='ocrx_word' id='word_1_89' title='bbox 1409 1672 1491 1744; x_wconf 92' lang='lat' dir='ltr'>Deo</span> 
     </span>
     <span class='ocr_line' id='line_1_12' title="bbox 484 1782 1487 1884; baseline -0.002 -26"><span class='ocrx_word' id='word_1_90' title='bbox 484 1810 546 1859; x_wconf 90' lang='lat' dir='ltr'>cor</span> <span class='ocrx_word' id='word_1_91' title='bbox 561 1785 713 1858; x_wconf 86' lang='lat' dir='ltr'>vestrum</span> <span class='ocrx_word' id='word_1_92' title='bbox 729 1803 770 1858; x_wconf 93' lang='lat' dir='ltr'>ut</span> <span class='ocrx_word' id='word_1_93' title='bbox 784 1785 854 1859; x_wconf 88' lang='lat' dir='ltr'>fitis</span> <span class='ocrx_word' id='word_1_94' title='bbox 870 1786 955 1859; x_wconf 83' lang='lat' dir='ltr'>sicut</span> <span class='ocrx_word' id='word_1_95' title='bbox 968 1786 1098 1884; x_wconf 84' lang='lat' dir='ltr'>myrice</span> <span class='ocrx_word' id='word_1_96' title='bbox 1110 1786 1275 1858; x_wconf 87' lang='lat' dir='ltr'>florentes</span> <span class='ocrx_word' id='word_1_97' title='bbox 1286 1801 1322 1858; x_wconf 89' lang='lat' dir='ltr'>et</span> <span class='ocrx_word' id='word_1_98' title='bbox 1337 1782 1487 1857; x_wconf 89' lang='lat' dir='ltr'>steriles.</span> 
     </span>
     <span class='ocr_line' id='line_1_13' title="bbox 485 1894 1488 1998; baseline -0.002 -26"><span class='ocrx_word' id='word_1_99' title='bbox 485 1895 715 1997; x_wconf 86' lang='lat' dir='ltr'>habitetisque</span> <span class='ocrx_word' id='word_1_100' title='bbox 756 1924 850 1972; x_wconf 90' lang='lat' dir='ltr'>nunc</span> <span class='ocrx_word' id='word_1_101' title='bbox 891 1899 928 1971; x_wconf 92' lang='lat' dir='ltr'>in</span> <span class='ocrx_word' id='word_1_102' title='bbox 969 1915 1062 1973; x_wconf 90' lang='lat' dir='ltr'>terra</span> <span class='ocrx_word' id='word_1_103' title='bbox 1095 1896 1272 1998; x_wconf 83' lang='lat' dir='ltr'>salsuginis</span> <span class='ocrx_word' id='word_1_104' title='bbox 1313 1924 1383 1997; x_wconf 93' lang='lat' dir='ltr'>que</span> <span class='ocrx_word' id='word_1_105' title='bbox 1419 1894 1488 1970; x_wconf 89' lang='lat' dir='ltr'>suis</span> 
     </span>
     <span class='ocr_line' id='line_1_14' title="bbox 484 2009 1487 2110; baseline 0 -26"><span class='ocrx_word' id='word_1_106' title='bbox 484 2009 645 2084; x_wconf 75' lang='lat' dir='ltr'>fructum·</span> <span class='ocrx_word' id='word_1_107' title='bbox 674 2011 870 2086; x_wconf 89' lang='lat' dir='ltr'>cultoribus</span> <span class='ocrx_word' id='word_1_108' title='bbox 910 2038 981 2086; x_wconf 91' lang='lat' dir='ltr'>non</span> <span class='ocrx_word' id='word_1_109' title='bbox 1016 2011 1180 2110; x_wconf 88' lang='lat' dir='ltr'>producit</span> <span class='ocrx_word' id='word_1_110' title='bbox 1214 2011 1290 2110; x_wconf 90' lang='lat' dir='ltr'>post</span> <span class='ocrx_word' id='word_1_111' title='bbox 1323 2011 1359 2084; x_wconf 90' lang='lat' dir='ltr'>in</span> <span class='ocrx_word' id='word_1_112' title='bbox 1393 2026 1487 2084; x_wconf 87' lang='lat' dir='ltr'>terra</span> 
     </span>
     <span class='ocr_line' id='line_1_15' title="bbox 484 2121 1486 2224; baseline 0.002 -30"><span class='ocrx_word' id='word_1_113' title='bbox 484 2121 722 2200; x_wconf 88' lang='lat' dir='ltr'>inhabitabili:</span> <span class='ocrx_word' id='word_1_114' title='bbox 748 2151 819 2224; x_wconf 90' lang='lat' dir='ltr'>que</span> <span class='ocrx_word' id='word_1_115' title='bbox 836 2122 905 2198; x_wconf 91' lang='lat' dir='ltr'>suis</span> <span class='ocrx_word' id='word_1_116' title='bbox 921 2124 1042 2197; x_wconf 89' lang='lat' dir='ltr'>incolis</span> <span class='ocrx_word' id='word_1_117' title='bbox 1058 2124 1214 2224; x_wconf 78' lang='lat' dir='ltr'>requiem</span> <span class='ocrx_word' id='word_1_118' title='bbox 1228 2149 1301 2197; x_wconf 89' lang='lat' dir='ltr'>non</span> <span class='ocrx_word' id='word_1_119' title='bbox 1314 2122 1486 2196; x_wconf 90' lang='lat' dir='ltr'>concedit.</span> 
     </span>
     <span class='ocr_line' id='line_1_16' title="bbox 474 2233 1488 2335; baseline 0 -27"><span class='ocrx_word' id='word_1_120' title='bbox 474 2234 527 2308; x_wconf 60' lang='lat' dir='ltr'>&#39;In</span> <span class='ocrx_word' id='word_1_121' title='bbox 544 2235 609 2309; x_wconf 90' lang='lat' dir='ltr'>hac</span> <span class='ocrx_word' id='word_1_122' title='bbox 625 2236 719 2309; x_wconf 92' lang='lat' dir='ltr'>enim</span> <span class='ocrx_word' id='word_1_123' title='bbox 736 2252 848 2310; x_wconf 88' lang='lat' dir='ltr'>terra:</span> <span class='ocrx_word' id='word_1_124' title='bbox 876 2234 988 2309; x_wconf 89' lang='lat' dir='ltr'>solum</span> <span class='ocrx_word' id='word_1_125' title='bbox 1005 2233 1234 2335; x_wconf 88' lang='lat' dir='ltr'>sempiternus</span> <span class='ocrx_word' id='word_1_126' title='bbox 1247 2235 1371 2307; x_wconf 88' lang='lat' dir='ltr'>horror</span> <span class='ocrx_word' id='word_1_127' title='bbox 1388 2235 1488 2308; x_wconf 89' lang='lat' dir='ltr'>inha-</span> 
     </span>
     <span class='ocr_line' id='line_1_17' title="bbox 484 2346 1486 2447; baseline 0 -27"><span class='ocrx_word' id='word_1_128' title='bbox 484 2346 583 2421; x_wconf 85' lang='lat' dir='ltr'>bitat.</span> <span class='ocrx_word' id='word_1_129' title='bbox 636 2348 728 2445; x_wconf 73' lang='lat' dir='ltr'>Quis</span> <span class='ocrx_word' id='word_1_130' title='bbox 758 2347 851 2422; x_wconf 91' lang='lat' dir='ltr'>enim</span> <span class='ocrx_word' id='word_1_131' title='bbox 882 2347 1054 2421; x_wconf 86' lang='lat' dir='ltr'>habitabit</span> <span class='ocrx_word' id='word_1_132' title='bbox 1080 2373 1161 2421; x_wconf 92' lang='lat' dir='ltr'>cum</span> <span class='ocrx_word' id='word_1_133' title='bbox 1191 2347 1273 2447; x_wconf 87' lang='lat' dir='ltr'>igne</span> <span class='ocrx_word' id='word_1_134' title='bbox 1296 2347 1486 2421; x_wconf 86' lang='lat' dir='ltr'>devorante</span> 
     </span>
     <span class='ocr_line' id='line_1_18' title="bbox 482 2457 1484 2560; baseline 0.002 -27"><span class='ocrx_word' id='word_1_135' title='bbox 482 2479 543 2534; x_wconf 91' lang='lat' dir='ltr'>aut</span> <span class='ocrx_word' id='word_1_136' title='bbox 577 2461 656 2560; x_wconf 93' lang='lat' dir='ltr'>quis</span> <span class='ocrx_word' id='word_1_137' title='bbox 690 2461 860 2535; x_wconf 87' lang='lat' dir='ltr'>habitabit</span> <span class='ocrx_word' id='word_1_138' title='bbox 899 2486 980 2535; x_wconf 91' lang='lat' dir='ltr'>cum</span> <span class='ocrx_word' id='word_1_139' title='bbox 1023 2460 1204 2535; x_wconf 89' lang='lat' dir='ltr'>ardoribus</span> <span class='ocrx_word' id='word_1_140' title='bbox 1245 2457 1484 2559; x_wconf 84' lang='lat' dir='ltr'>sempiternis?</span> 
     </span>
     <span class='ocr_line' id='line_1_19' title="bbox 483 2571 1486 2674; baseline -0.001 -26"><span class='ocrx_word' id='word_1_141' title='bbox 483 2574 623 2671; x_wconf 74' lang='lat' dir='ltr'>Quibus</span> <span class='ocrx_word' id='word_1_142' title='bbox 640 2574 773 2648; x_wconf 83' lang='lat' dir='ltr'>tamen8</span> <span class='ocrx_word' id='word_1_143' title='bbox 790 2575 970 2674; x_wconf 86' lang='lat' dir='ltr'>postremis</span> <span class='ocrx_word' id='word_1_144' title='bbox 986 2573 1103 2648; x_wconf 90' lang='lat' dir='ltr'>verbis</span> <span class='ocrx_word' id='word_1_145' title='bbox 1122 2573 1334 2672; x_wconf 85' lang='lat' dir='ltr'>propheticis</span> <span class='ocrx_word' id='word_1_146' title='bbox 1357 2571 1486 2674; x_wconf 88' lang='lat' dir='ltr'>absque</span> 
     </span>
     <span class='ocr_line' id='line_1_20' title="bbox 482 2680 1487 2784; baseline -0.002 -28"><span class='ocrx_word' id='word_1_147' title='bbox 482 2683 643 2757; x_wconf 79' lang='lat' dir='ltr'>abusione</span> <span class='ocrx_word' id='word_1_148' title='bbox 660 2683 839 2757; x_wconf 88' lang='lat' dir='ltr'>abutimur</span> <span class='ocrx_word' id='word_1_149' title='bbox 858 2740 867 2758; x_wconf 92' lang='lat'><strong>.</strong></span> <span class='ocrx_word' id='word_1_150' title='bbox 885 2683 1023 2784; x_wconf 87' lang='lat' dir='ltr'>ignium</span> <span class='ocrx_word' id='word_1_151' title='bbox 1046 2708 1117 2756; x_wconf 91' lang='lat' dir='ltr'>non</span> <span class='ocrx_word' id='word_1_152' title='bbox 1138 2680 1324 2756; x_wconf 84' lang='lat' dir='ltr'>nescientes</span> <span class='ocrx_word' id='word_1_153' title='bbox 1344 2681 1487 2757; x_wconf 82' lang='lat' dir='ltr'>diversi-</span> 
     </span>
     <span class='ocr_line' id='line_1_21' title="bbox 479 2792 1486 2897; baseline -0.002 -27"><span class='ocrx_word' id='word_1_154' title='bbox 479 2814 622 2871; x_wconf 86' lang='lat' dir='ltr'>tatem.</span> <span class='ocrx_word' id='word_1_155' title='bbox 651 2822 805 2897; x_wconf 91' lang='lat' dir='ltr'>quorum</span> <span class='ocrx_word' id='word_1_156' title='bbox 833 2796 893 2870; x_wconf 90' lang='lat' dir='ltr'>iste</span> <span class='ocrx_word' id='word_1_157' title='bbox 910 2812 1106 2895; x_wconf 87' lang='lat' dir='ltr'>peccatores</span> <span class='ocrx_word' id='word_1_158' title='bbox 1133 2795 1200 2867; x_wconf 81' lang='lat' dir='ltr'>sine</span> <span class='ocrx_word' id='word_1_159' title='bbox 1217 2792 1486 2894; x_wconf 87' lang='lat' dir='ltr'>consumpcione</span> 
     </span>
     <span class='ocr_line' id='line_1_22' title="bbox 480 2907 1485 3009; baseline -0.002 -25"><span class='ocrx_word' id='word_1_160' title='bbox 480 2908 652 2984; x_wconf 91' lang='lat' dir='ltr'>consumit</span> <span class='ocrx_word' id='word_1_161' title='bbox 683 2967 692 2984; x_wconf 89' lang='lat'><strong>.</strong></span> <span class='ocrx_word' id='word_1_162' title='bbox 724 2909 781 2983; x_wconf 93' lang='lat' dir='ltr'>ille</span> <span class='ocrx_word' id='word_1_163' title='bbox 811 2927 950 3009; x_wconf 85' lang='lat' dir='ltr'>peccata</span> <span class='ocrx_word' id='word_1_164' title='bbox 979 2907 1215 2982; x_wconf 89' lang='lat' dir='ltr'>consumendo</span> <span class='ocrx_word' id='word_1_165' title='bbox 1251 2925 1485 3004; x_wconf 78' lang='lat' dir='ltr'>‚peccatores</span> 
     </span>
     <span class='ocr_line' id='line_1_23' title="bbox 475 3019 1484 3124; baseline -0.001 -27"><span class='ocrx_word' id='word_1_166' title='bbox 475 3022 665 3124; x_wconf 87' lang='lat' dir='ltr'>justificans</span> <span class='ocrx_word' id='word_1_167' title='bbox 698 3022 873 3096; x_wconf 88' lang='lat' dir='ltr'>illuminat</span> <span class='ocrx_word' id='word_1_168' title='bbox 907 3020 1035 3120; x_wconf 89' lang='lat' dir='ltr'>pariter</span> <span class='ocrx_word' id='word_1_169' title='bbox 1068 3037 1104 3095; x_wconf 90' lang='lat' dir='ltr'>et</span> <span class='ocrx_word' id='word_1_170' title='bbox 1147 3019 1314 3095; x_wconf 88' lang='lat' dir='ltr'>accendit.</span> <span class='ocrx_word' id='word_1_171' title='bbox 1383 3021 1484 3116; x_wconf 73' lang='lat' dir='ltr'>Quid</span> 
     </span>
     <span class='ocr_line' id='line_1_24' title="bbox 480 3130 1484 3232; baseline -0.003 -22"><span class='ocrx_word' id='word_1_172' title='bbox 480 3153 597 3210; x_wconf 90' lang='lat' dir='ltr'>autem</span> <span class='ocrx_word' id='word_1_173' title='bbox 626 3135 727 3208; x_wconf 92' lang='lat' dir='ltr'>nobis</span> <span class='ocrx_word' id='word_1_174' title='bbox 754 3135 801 3210; x_wconf 91' lang='lat' dir='ltr'>est</span> <span class='ocrx_word' id='word_1_175' title='bbox 830 3138 874 3211; x_wconf 92' lang='lat' dir='ltr'>de</span> <span class='ocrx_word' id='word_1_176' title='bbox 904 3134 971 3207; x_wconf 89' lang='lat' dir='ltr'>hiis</span> <span class='ocrx_word' id='word_1_177' title='bbox 992 3134 1055 3232; x_wconf 93' lang='lat' dir='ltr'>qui</span> <span class='ocrx_word' id='word_1_178' title='bbox 1082 3130 1166 3206; x_wconf 88' lang='lat' dir='ltr'>foris</span> <span class='ocrx_word' id='word_1_179' title='bbox 1196 3131 1275 3206; x_wconf 89' lang='lat' dir='ltr'>sunt</span> <span class='ocrx_word' id='word_1_180' title='bbox 1301 3133 1400 3232; x_wconf 93' lang='lat' dir='ltr'>loqui</span> <span class='ocrx_word' id='word_1_181' title='bbox 1426 3134 1484 3207; x_wconf 91' lang='lat' dir='ltr'>vel</span> 
     </span>
     <span class='ocr_line' id='line_1_25' title="bbox 473 3243 1484 3347; baseline 0 -28"><span class='ocrx_word' id='word_1_182' title='bbox 473 3245 632 3347; x_wconf 90' lang='lat' dir='ltr'>judicare</span> <span class='ocrx_word' id='word_1_183' title='bbox 664 3302 672 3327; x_wconf 84' lang='grc'><strong>.</strong></span> <span class='ocrx_word' id='word_1_184' title='bbox 701 3247 764 3347; x_wconf 94' lang='lat' dir='ltr'>qui</span> <span class='ocrx_word' id='word_1_185' title='bbox 793 3246 965 3321; x_wconf 76' lang='lat' dir='ltr'>ecclesiam</span> <span class='ocrx_word' id='word_1_186' title='bbox 1000 3245 1111 3318; x_wconf 92' lang='lat' dir='ltr'>immo</span> <span class='ocrx_word' id='word_1_187' title='bbox 1148 3244 1300 3318; x_wconf 79' lang='lat' dir='ltr'>ecclesias</span> <span class='ocrx_word' id='word_1_188' title='bbox 1332 3243 1484 3319; x_wconf 86' lang='lat' dir='ltr'>exterius</span> 
     </span>
     <span class='ocr_line' id='line_1_26' title="bbox 479 3355 1483 3459; baseline 0.001 -28"><span class='ocrx_word' id='word_1_189' title='bbox 479 3358 623 3459; x_wconf 90' lang='lat' dir='ltr'>quidem</span> <span class='ocrx_word' id='word_1_190' title='bbox 649 3360 790 3458; x_wconf 90' lang='lat' dir='ltr'>rapiunt</span> <span class='ocrx_word' id='word_1_191' title='bbox 809 3376 845 3433; x_wconf 90' lang='lat' dir='ltr'>et</span> <span class='ocrx_word' id='word_1_192' title='bbox 864 3357 1038 3457; x_wconf 90' lang='lat' dir='ltr'>diripiunt</span> <span class='ocrx_word' id='word_1_193' title='bbox 1056 3355 1129 3432; x_wconf 74' lang='lat' dir='ltr'>;set</span> <span class='ocrx_word' id='word_1_194' title='bbox 1153 3356 1251 3431; x_wconf 87' lang='lat' dir='ltr'>intus</span> <span class='ocrx_word' id='word_1_195' title='bbox 1268 3382 1332 3430; x_wconf 86' lang='lat' dir='ltr'>nec</span> <span class='ocrx_word' id='word_1_196' title='bbox 1349 3356 1483 3432; x_wconf 90' lang='lat' dir='ltr'>intrant</span> 
     </span>
     <span class='ocr_line' id='line_1_27' title="bbox 473 3467 1481 3569; baseline 0.006 -31"><span class='ocrx_word' id='word_1_197' title='bbox 473 3496 542 3544; x_wconf 90' lang='lat' dir='ltr'>nec</span> <span class='ocrx_word' id='word_1_198' title='bbox 569 3469 765 3544; x_wconf 84' lang='lat' dir='ltr'>inhabitant</span> <span class='ocrx_word' id='word_1_199' title='bbox 786 3471 925 3544; x_wconf 78' lang='lat' dir='ltr'>vineam</span> <span class='ocrx_word' id='word_1_200' title='bbox 955 3469 1099 3569; x_wconf 91' lang='lat' dir='ltr'>quidem</span> <span class='ocrx_word' id='word_1_201' title='bbox 1130 3467 1277 3543; x_wconf 93' lang='lat' dir='ltr'>Domini</span> <span class='ocrx_word' id='word_1_202' title='bbox 1305 3468 1481 3544; x_wconf 72' lang='lat' dir='ltr'>saboth4.</span> 
     </span>
     <span class='ocr_line' id='line_1_28' title="bbox 480 3579 1482 3684; baseline -0.003 -26"><span class='ocrx_word' id='word_1_203' title='bbox 480 3610 545 3684; x_wconf 88' lang='lat' dir='ltr'>pro</span> <span class='ocrx_word' id='word_1_204' title='bbox 567 3584 660 3682; x_wconf 76' lang='lat' dir='ltr'>posse</span> <span class='ocrx_word' id='word_1_205' title='bbox 680 3582 741 3657; x_wconf 89' lang='lat' dir='ltr'>suo</span> <span class='ocrx_word' id='word_1_206' title='bbox 765 3582 1019 3658; x_wconf 90' lang='lat' dir='ltr'>vindemiantes</span> <span class='ocrx_word' id='word_1_207' title='bbox 1041 3599 1077 3656; x_wconf 91' lang='lat' dir='ltr'>et</span> <span class='ocrx_word' id='word_1_208' title='bbox 1100 3580 1310 3656; x_wconf 88' lang='lat' dir='ltr'>succidentes</span> <span class='ocrx_word' id='word_1_209' title='bbox 1332 3579 1415 3656; x_wconf 77' lang='lat' dir='ltr'>,set</span> <span class='ocrx_word' id='word_1_210' title='bbox 1438 3582 1482 3656; x_wconf 89' lang='lat' dir='ltr'>ab</span> 
     </span>
     <span class='ocr_line' id='line_1_29' title="bbox 476 3692 1480 3798; baseline -0.004 -27"><span class='ocrx_word' id='word_1_211' title='bbox 476 3697 553 3798; x_wconf 79' lang='lat' dir='ltr'>&#39;ejus</span> <span class='ocrx_word' id='word_1_212' title='bbox 570 3697 703 3770; x_wconf 89' lang='lat' dir='ltr'>cultore</span> <span class='ocrx_word' id='word_1_213' title='bbox 714 3695 792 3797; x_wconf 87' lang='lat' dir='ltr'>jam</span> <span class='ocrx_word' id='word_1_214' title='bbox 808 3695 870 3796; x_wconf 82' lang='lat' dir='ltr'>ipsi</span> <span class='ocrx_word' id='word_1_215' title='bbox 887 3695 1003 3796; x_wconf 79' lang='lat' dir='ltr'>precisi</span> <span class='ocrx_word' id='word_1_216' title='bbox 1028 3752 1036 3769; x_wconf 93' lang='lat'>.</span> <span class='ocrx_word' id='word_1_217' title='bbox 1060 3713 1096 3770; x_wconf 92' lang='lat' dir='ltr'>et</span> <span class='ocrx_word' id='word_1_218' title='bbox 1108 3772 1110 3776; x_wconf 67' lang='grc'>,</span> <span class='ocrx_word' id='word_1_219' title='bbox 1122 3695 1183 3769; x_wconf 80' lang='lat' dir='ltr'>nist</span> <span class='ocrx_word' id='word_1_220' title='bbox 1205 3692 1425 3795; x_wconf 77' lang='lat' dir='ltr'>resipiscant.</span> <span class='ocrx_word' id='word_1_221' title='bbox 1444 3694 1480 3767; x_wconf 91' lang='lat' dir='ltr'>in</span> 
     </span>
     <span class='ocr_line' id='line_1_30' title="bbox 468 3807 1481 3912; baseline -0.001 -30"><span class='ocrx_word' id='word_1_222' title='bbox 468 3809 596 3912; x_wconf 87' lang='lat' dir='ltr'>ignem</span> <span class='ocrx_word' id='word_1_223' title='bbox 613 3826 773 3884; x_wconf 91' lang='lat' dir='ltr'>eternum</span> <span class='ocrx_word' id='word_1_224' title='bbox 789 3808 827 3883; x_wconf 89' lang='lat' dir='ltr'>in</span> <span class='ocrx_word' id='word_1_225' title='bbox 845 3814 974 3909; x_wconf 64' lang='lat' dir='ltr'>pundo</span> <span class='ocrx_word' id='word_1_226' title='bbox 991 3808 1178 3885; x_wconf 88' lang='lat' dir='ltr'>mittendi?</span> <span class='ocrx_word' id='word_1_227' title='bbox 1230 3807 1382 3882; x_wconf 82' lang='lat' dir='ltr'>Verum⁶</span> <span class='ocrx_word' id='word_1_228' title='bbox 1398 3807 1481 3907; x_wconf 90' lang='lat' dir='ltr'>quia</span> 
     </span>
    </p>
   </div>
   <div class='ocr_carea' id='block_1_3' title="bbox 549 4001 1412 4236">
    <p class='ocr_par' dir='ltr' id='par_1_3' title="bbox 549 4001 1412 4236">
     <span class='ocr_line' id='line_1_31' title="bbox 557 4001 1315 4082; baseline -0.003 -18"><span class='ocrx_word' id='word_1_229' title='bbox 557 4005 569 4044; x_wconf 85' lang='lat'>¹</span> <span class='ocrx_word' id='word_1_230' title='bbox 590 4004 700 4076; x_wconf 83' lang='lat' dir='ltr'><strong>H.M.;</strong></span> <span class='ocrx_word' id='word_1_231' title='bbox 721 4006 894 4081; x_wconf 69' lang='lat' dir='ltr'>conjunctus,</span> <span class='ocrx_word' id='word_1_232' title='bbox 910 4005 949 4063; x_wconf 90' lang='lat' dir='ltr'>G.</span> <span class='ocrx_word' id='word_1_233' title='bbox 1064 4001 1077 4043; x_wconf 80' lang='lat'>²</span> <span class='ocrx_word' id='word_1_234' title='bbox 1099 4002 1200 4082; x_wconf 89' lang='lat' dir='ltr'>Philip.</span> <span class='ocrx_word' id='word_1_235' title='bbox 1214 4003 1251 4062; x_wconf 87' lang='lat' dir='ltr'>iv.</span> <span class='ocrx_word' id='word_1_236' title='bbox 1271 4020 1315 4078; x_wconf 78' lang='lat'>13.</span> 
     </span>
     <span class='ocr_line' id='line_1_32' title="bbox 549 4083 1412 4158; baseline -0.001 -12"><span class='ocrx_word' id='word_1_237' title='bbox 549 4085 569 4147; x_wconf 80' lang='lat'>,⁸</span> <span class='ocrx_word' id='word_1_238' title='bbox 590 4085 680 4146; x_wconf 87' lang='grc' dir='ltr'><strong>Η.Μ.</strong></span> <span class='ocrx_word' id='word_1_239' title='bbox 690 4111 701 4158; x_wconf 74' lang='lat'>3</span> <span class='ocrx_word' id='word_1_240' title='bbox 722 4100 806 4157; x_wconf 81' lang='lat' dir='ltr'>tarne,</span> <span class='ocrx_word' id='word_1_241' title='bbox 821 4086 860 4144; x_wconf 89' lang='lat' dir='ltr'>G.</span> <span class='ocrx_word' id='word_1_242' title='bbox 1062 4085 1075 4122; x_wconf 81' lang='lat'><strong>⁴</strong></span> <span class='ocrx_word' id='word_1_243' title='bbox 1096 4083 1157 4156; x_wconf 80' lang='lat' dir='ltr'>H.;</span> <span class='ocrx_word' id='word_1_244' title='bbox 1177 4084 1310 4155; x_wconf 77' lang='lat' dir='ltr'>Sabaoth,</span> <span class='ocrx_word' id='word_1_245' title='bbox 1327 4084 1412 4145; x_wconf 65' lang='grc' dir='ltr'>ΜΕ.</span> 
     </span>
     <span class='ocr_line' id='line_1_33' title="bbox 788 4165 1127 4236; baseline -0.009 -10"><span class='ocrx_word' id='word_1_246' title='bbox 788 4166 801 4205; x_wconf 79' lang='lat'><em>⁶</em></span> <span class='ocrx_word' id='word_1_247' title='bbox 822 4165 863 4226; x_wconf 90' lang='lat' dir='ltr'>H.</span> <span class='ocrx_word' id='word_1_248' title='bbox 874 4190 884 4236; x_wconf 87' lang='lat'>;</span> <span class='ocrx_word' id='word_1_249' title='bbox 905 4165 1022 4236; x_wconf 84' lang='lat' dir='ltr'>Utrum,</span> <span class='ocrx_word' id='word_1_250' title='bbox 1038 4165 1127 4226; x_wconf 62' lang='grc' dir='ltr'>ΜΕ.</span> 
     </span>
    </p>
   </div>
   <div class='ocr_carea' id='block_1_4' title="bbox 0 0 1974 5610">
    <p class='ocr_par' dir='ltr' id='par_1_4' title="bbox 0 0 1974 5610">
     <span class='ocr_line' id='line_1_34' title="bbox 0 0 1974 5610; baseline 0 4"><span class='ocrx_word' id='word_1_251' title='bbox 0 0 1974 5610; x_wconf 95' lang='lat' dir='ltr'> </span> 
     </span>
    </p>
   </div>
  </div>
 </body>
</html>
