3938 5610
786 472 837 550 6¹0
1066 445 1155 546 Vita
1184 464 1347 546 Haroldi
1371 466 1498 574 Regis.

784 685 913 784 repulit
932 684 1157 757 acutissimam
1175 685 1301 757 celtem
1318 685 1373 757 vel
1400 683 1577 757 tarincam.
1631 681 1789 756 Prestitit'

784 798 850 870 hoc
876 796 1063 896 ymaginis1
1091 796 1148 870 sue
1173 797 1331 870 dextere²
1356 797 1503 870 Domini
1529 797 1696 870 dextera.
1716 820 1786 894 que

784 926 825 984 ut
856 908 1048 1008 psalmista³
1075 966 1083 982 .
1112 909 1236 982 cecinit
1271 908 1354 983 fecit
1388 910 1557 983 virtutem
1585 965 1593 981 .
1620 906 1715 980 unde
1749 923 1784 979 et

783 1022 953 1095 materiali
989 1022 1070 1096 huic
1105 1023 1247 1095 dextere
1282 1048 1352 1121 que
1396 1021 1526 1096 ibidem
1573 1018 1785 1095 subneffltur

783 1162 936 1236 congrue
960 1137 1170 1235 adaptatur.
1190 1153 1231 1209 ut
1251 1134 1322 1235 ipsa
1342 1153 1397 1209 tot
1421 1133 1524 1236 signis
1547 1134 1707 1234 insignita
1727 1149 1783 1207 tot

783 1249 953 1349 prodigiis
966 1247 1148 1322 sublimata
1166 1307 1174 1322 .
1193 1249 1296 1322 rebus
1312 1247 1434 1347 pocius
1450 1274 1557 1348 quam
1570 1246 1785 1321 sermonibus

783 1363 896 1437 dicere
921 1362 1142 1462 intelligatur
1169 1420 1177 1435 .
1204 1360 1375 1434 Dextera⁴
1393 1361 1533 1433 Domini
1551 1362 1720 1434 exaltavit
1737 1387 1785 1434 me

782 1477 921 1549 dextera
949 1475 1092 1547 Domini
1109 1477 1198 1570 fecit
1223 1478 1398 1547 virtutem.
1451 1473 1533 1547 Hec
1559 1500 1643 1548 vero
1665 1474 1784 1548 omnia

783 1615 875 1662 nunc
903 1588 1026 1661 iccirco
1054 1587 1239 1661 retulimus
1265 1604 1305 1660 ut
1337 1585 1533 1660 claresceret
1560 1586 1784 1661 audientibus

783 1702 1026 1801 multiplicitas
1042 1700 1230 1774 Dominice
1247 1700 1387 1773 virtutis
1406 1758 1414 1774 .
1434 1727 1540 1802 quam
1558 1701 1594 1774 in
1618 1701 1680 1774 tali
1700 1699 1782 1775 fecit

782 1815 1010 1888 inclinacione
1041 1812 1141 1886 saneti
1179 1813 1302 1911 capitis
1332 1812 1538 1887 sacrosancte
1568 1813 1742 1914 ymaginis
1771 1870 1779 1887 .

782 1947 823 2003 ut
852 1928 946 2001 enim
964 1924 1088 2025 prefati
1119 1925 1236 1999 sumus
1262 1944 1335 1998 tam
1362 1927 1398 1998 in
1424 1944 1585 2025 argentee
1610 1952 1719 2027 quam
1745 1927 1781 1999 in

783 2040 917 2141 lapidea
933 2038 1058 2113 effulsit
1071 2038 1215 2111 materia
1227 2038 1412 2112 Dominice
1425 2038 1643 2139 dignacionis
1655 2040 1784 2139 pariter

779 2172 815 2227 et
838 2152 981 2226 virtutis
1005 2177 1095 2250 opus
1123 2150 1188 2224 hoc
1219 2152 1422 2225 admirabile
1450 2152 1487 2224 in
1514 2153 1625 2226 oculis
1659 2150 1782 2224 nostris

780 2272 879 2371 quod
907 2271 1011 2371 juxta
1040 2293 1150 2341 cornu
1185 2269 1302 2342 altaris
1338 2327 1345 2342 .
1382 2268 1442 2342 ubi
1472 2270 1537 2342 hoc
1565 2269 1700 2369 gestum
1733 2269 1782 2343 est

780 2383 908 2458 cotidie
936 2380 1145 2480 inspicimus.
1206 2383 1282 2454 Nec
1317 2381 1411 2455 enim
1440 2384 1496 2456 vel
1525 2382 1613 2481 lapis
1642 2381 1780 2481 crepuit

780 2498 836 2571 vel
864 2494 993 2568 lamina
1020 2491 1192 2566 scissuram
1222 2492 1319 2567 sensit
1346 2493 1402 2567 seu
1426 2521 1550 2594 rugam
1577 2494 1779 2569 contraxit.

781 2635 899 2683 cuma
917 2625 1014 2708 parte
1036 2606 1117 2679 colli
1140 2607 1277 2680 racione
1303 2606 1542 2680 inclinacionis
1564 2624 1661 2681 tante
1679 2605 1782 2682 solito

781 2721 932 2821 amplius
974 2720 1176 2793 tenderetur
1211 2777 1218 2792 .
1255 2738 1290 2792 et
1332 2745 1351 2792 e
1385 2719 1527 2820 regione
1561 2720 1716 2819 gutturis
1749 2739 1785 2794 et

782 2833 933 2907 faucium
950 2857 1023 2904 non
1042 2833 1170 2904 minori
1188 2833 1420 2930 proporcione
1439 2833 1557 2930 plicari
1572 2851 1781 2906 cerneretur.

782 2950 858 3020 Nec
876 2971 960 3019 vero
984 2971 1090 3044 parva
1115 2942 1183 3016 suit
1211 2945 1372 3043 primarie
1397 2943 1630 3043 disposicionis
1653 2946 1784 3020 immu-

780 3061 873 3132 tacio
892 3116 900 3132 .
919 3057 979 3131 ubi
1007 3074 1165 3128 mentum
1185 3057 1357 3156 ymaginis
1382 3057 1482 3156 quod
1501 3058 1679 3132 eminuisse
1696 3061 1784 3133 olim

780 3171 975 3269 accepimus
1006 3225 1014 3241 .
1046 3194 1140 3241 nunc
1169 3169 1214 3242 ad
1248 3175 1365 3268 peetus
1398 3168 1507 3268 usque
1541 3171 1724 3244 demissum
1751 3173 1782 3246 ei

780 3284 878 3357 velut
896 3280 1049 3355 insedisse
1067 3307 1110 3353 ex
1121 3281 1278 3379 premissa
1289 3299 1329 3354 ut
1340 3283 1474 3355 dictum
1491 3282 1539 3356 est
1556 3284 1783 3359 inclinacione

779 3398 949 3470 videmus.

820 3557 831 3597 ¹
854 3559 944 3617 HM.
954 3583 964 3629 ς
984 3559 1119 3634 imaginis,
1136 3558 1173 3618 G.

819 3638 832 3677 ²
854 3639 962 3708 H.M.;
984 3639 1092 3708 dextra,
1107 3639 1146 3697 G.
1155 3663 1165 3709 3
1186 3640 1241 3699 and
1256 3639 1284 3697 so
1298 3641 1397 3718 always
1412 3641 1440 3698 in
1454 3642 1529 3700 cases
1543 3642 1577 3700 ol
1588 3644 1642 3702 this
1656 3645 1742 3703 word.

820 3721 833 3759 ⁸
855 3721 930 3791 Pla,
946 3720 1007 3789 Η.;
1029 3741 1107 3798 pura,
1123 3720 1189 3790 M.;
1211 3721 1356 3798 psalmista,
1372 3723 1411 3781 G.

820 3803 833 3840 ⁴
855 3802 954 3860 Psalm.
969 3801 1052 3860 cxvii.
1071 3800 1116 3860 16.
