4050 5640
476 425 530 500 40
760 399 848 479 Vita
878 398 1041 479 Harolcli
1065 399 1192 508 Regis.

477 609 623 681 timebat
641 608 774 681 offenfis
792 611 1002 681 cumulatam
1022 638 1064 683 ne
1082 609 1139 683 sua
1157 610 1244 683 forte
1262 609 1330 682 sola
1348 609 1480 708 legacio

480 722 596 793 minus
631 720 794 794 sufficeret
829 724 992 796 delinire:
1029 725 1253 822 inquirendos
1287 720 1427 795 censuit
1446 739 1480 794 et

481 834 609 933 quibus
635 836 742 933 pollet
771 835 955 934 obsequiisa
968 838 1223 935 inquirendos.
1246 855 1280 909 et
1307 835 1363 908 sue
1387 837 1481 934 lega-

480 949 589 1019 cionis
606 974 778 1048 congruos
805 950 980 1048 adjutores
1005 968 1039 1023 et
1057 952 1211 1048 ydoneos
1236 952 1329 1048 apud
1355 951 1483 1021 iratum

481 1087 598 1160 regem
616 1062 888 1135 interventores.
905 1063 1004 1162 cujus
1021 1065 1064 1137 de
1083 1082 1197 1137 cetero
1214 1062 1317 1136 solius
1334 1062 1481 1162 gratiam

482 1175 641 1272 probavit
660 1194 694 1248 et
715 1178 861 1275 gloriam
888 1178 1119 1251 ambiendam.
1174 1179 1338 1250 Mutatur
1366 1177 1482 1274 itaque

483 1289 518 1360 in
536 1288 702 1361 Haroldo
725 1290 876 1362 hominis
902 1309 1042 1388 repente
1060 1291 1238 1363 exterioris
1264 1289 1401 1362 habitus
1420 1345 1428 1361 .
1448 1306 1482 1360 et

482 1401 654 1473 interioris
677 1401 828 1474 affedtus.
882 1405 911 1475 F
913 1405 997 1475 ulcit
1024 1429 1131 1501 quam
1157 1429 1288 1475 armare
1309 1400 1484 1474 consuevit

483 1539 627 1586 manum
657 1570 664 1585 .
696 1532 827 1586 curtata
850 1515 885 1586 in
915 1515 1077 1587 baculum
1105 1516 1196 1587 hasta
1225 1572 1233 1588 .
1263 1541 1327 1612 pro
1355 1514 1484 1611 clipeo:

484 1652 565 1724 pera
588 1626 678 1698 collo
704 1627 913 1723 appenditur
937 1684 944 1699 .
968 1628 1061 1700 filtro
1081 1646 1201 1700 vertex
1226 1626 1484 1700 adumbratur:

455 1827 457 1830 y
484 1763 591 1835 quem
633 1739 768 1810 munire
811 1740 908 1837 galea
945 1796 953 1812 .
990 1766 1110 1813 ornare
1148 1741 1306 1813 diadema
1345 1737 1483 1810 solebat.

486 1850 596 1922 Pedes
614 1867 648 1921 et
666 1849 761 1947 tybie
779 1876 843 1948 pro
868 1850 1024 1925 sandaliis
1050 1872 1084 1924 et
1109 1853 1216 1925 ocreis
1233 1852 1286 1924 vel
1312 1852 1488 1923 nudantur

485 1961 645 2035 funditus
671 1963 725 2034 vel
754 1961 955 2037 semicinciis
985 1965 1232 2037 obvolvuntur.
1286 1965 1340 2037 Ut
1370 1979 1488 2034 autem

485 2092 520 2146 et
554 2074 686 2171 reliqua
721 2074 870 2147 breviter
904 2078 1132 2175 explicemus:
1168 2077 1282 2149 omnis
1316 2091 1489 2146 armatura

486 2186 584 2259 sortis
599 2244 607 2259 .
622 2205 717 2259 totus
735 2189 887 2286 potentis
904 2209 1045 2262 ornatus
1057 2191 1111 2263 vel
1130 2190 1309 2264 abdicatur
1326 2188 1486 2286 penitus.

487 2317 547 2370 aut
565 2300 601 2371 in
615 2300 848 2398 abjeccionem
867 2301 1087 2376 transfertur:
1106 2320 1140 2375 et
1154 2302 1339 2400 penitentis
1352 2324 1488 2397 penam.

488 2412 584 2483 Nam
619 2412 771 2485 humeris
805 2414 939 2486 lacertis
968 2472 976 2486 .
1012 2415 1140 2487 lumbis
1168 2432 1203 2486 et
1234 2413 1351 2485 lateri:
1386 2411 1492 2482 lorica

489 2522 601 2596 solum
626 2581 634 2596 .
659 2522 756 2596 solita
783 2552 853 2597 non
880 2527 1077 2600 adimitur.
1102 2526 1158 2600 [εά
1185 2526 1345 2624 proprius
1370 2525 1493 2597 admo-

489 2654 601 2709 vetur.
660 2637 854 2710 abstracta
889 2639 1057 2738 siquidem
1091 2658 1125 2712 et
1160 2639 1293 2738 abjecta
1327 2636 1493 2709 interula:

492 2751 585 2823 nude
605 2751 696 2822 carni
720 2750 838 2823 calibis
855 2753 1002 2825 duricies
1033 2754 1224 2850 copulatur.
1277 2752 1331 2822 Sic
1348 2750 1496 2849 vigilans

495 2889 568 2937 non
594 2881 744 2935 armatus
778 2862 835 2937 sed
854 2865 1088 2937 'incarceratus
1123 2865 1252 2938 incedit
1282 2862 1371 2936 ferro
1408 2919 1415 2935 .
1451 2861 1494 2933 fic

493 2977 724 3050 dormientem
737 3002 808 3049 non
821 2977 944 3050 thorus
958 2979 1084 3076 excipit
1100 3036 1108 3050 .
1124 2976 1181 3052 sed
1198 2979 1322 3049 thorax
1336 2974 1494 3047 includit.

493 3089 541 3160 Et
615 3088 622 3105 '
698 3089 798 3186 plane
832 3090 981 3162 exterius
1021 3091 1189 3188 assumpta
1232 3088 1385 3160 mutacio
1425 3085 1495 3157 ista.

494 3112 694 3389 Jocffir
719 3200 795 3274 sane
818 3220 852 3274 et
878 3204 1008 3301 angelis
1025 3221 1059 3276 et
1077 3202 1239 3275 omnibus
1263 3200 1382 3274 fandis
1404 3197 1500 3296 spec-

495 3331 612 3387 tacuu
677 3312 693 3386 .’
714 3314 801 3386 circa
828 3332 966 3387 tantum
992 3331 1026 3387 et
1052 3316 1156 3389 talem
1182 3316 1297 3387 virum
1325 3312 1435 3386 ,talis
1461 3335 1500 3382 ac

497 3443 594 3497 tanta
616 3428 830 3524 permutacio
857 3453 972 3500 rerum
998 3486 1006 3501 .
1031 3453 1152 3500 verum
1178 3428 1291 3499 multo
1312 3424 1502 3525 jocundius

499 3539 588 3611 intra
606 3537 718 3637 ipsum
735 3538 867 3612 fibimet
885 3540 1068 3613 exhibebat
1087 3541 1229 3612 interius
1239 3539 1366 3610 arbiter
1379 3539 1477 3610 Deus
1492 3592 1500 3608 .

499 3677 616 3724 creans
633 3669 668 3724 et
681 3650 832 3724 sormans
849 3653 885 3724 in
903 3679 945 3725 eo
963 3679 1027 3751 pro
1044 3652 1194 3726 tenebris
1211 3653 1324 3724 lucem
1343 3708 1351 3724 .
1371 3668 1405 3722 et
1423 3648 1503 3721 uni-

500 3763 637 3837 versum
680 3763 821 3837 stratum
855 3764 931 3864 ejus
973 3765 1175 3838 mirabiliter
1207 3762 1353 3837 versans.
1412 3763 1504 3833 Vere

503 3877 647 3975 inquam
662 3878 824 3981 *mutacio
841 3877 923 3951 hec:
950 3904 1020 3949 non
1039 3876 1272 3976 cujuscunque
1290 3875 1347 3950 scd
1364 3876 1504 3948 dextere

502 3992 621 4064 excelli
655 3991 715 4063 ubi
742 3991 925 4064 crudelitas
953 4048 960 4063 .
988 4008 1022 4063 et
1049 3989 1163 4062 feritas
1193 3986 1339 4062 mitescit
1374 3988 1410 4058 in
1436 3986 1505 4058 cle-

567 4127 576 4165 ¹
600 4127 635 4186 G.
650 4152 658 4196 3
680 4128 820 4196 abstlnsla,
837 4127 902 4195 M.;
924 4127 1064 4196 abslinsla,
1078 4125 1184 4186 altered
1200 4140 1229 4182 to
1243 4125 1383 4193 abllrada,
1399 4121 1439 4183 H.
