4050 5640
509 402 563 486 70
793 377 882 457 Vita
911 375 1075 458 Haroldi
1100 376 1228 486 Regis.

507 603 609 687 cepta
625 587 780 663 divinius
796 589 866 689 ipse
883 588 1037 664 vivendo
1050 589 1202 664 certabat
1213 588 1335 689 pocius
1346 590 1509 663 excedere

507 724 616 802 quam
634 701 790 801 implere.
843 704 1002 778 Noverat
1017 703 1112 777 enim
1130 703 1168 777 id
1183 701 1329 803 quidem
1341 701 1507 776 virtutis.

507 814 576 889 hoc
600 814 666 888 effe
691 813 905 890 sanctitatis.
924 815 1159 891 inchoacionis
1184 815 1293 890 illud:
1321 814 1410 889 istud
1431 840 1510 914 per·

506 924 678 1001 fectionis.
731 928 830 1003 Illud
851 953 996 1028 quoque
1019 927 1241 1002 necessarium
1266 927 1335 1002 hoc
1352 925 1509 1001 censebat

505 1037 709 1140 gloriosum.
762 1039 838 1114 Hic
854 1040 1006 1139 denique
1024 1039 1202 1115 confilium
1228 1039 1300 1114 illic
1320 1039 1508 1139 imperium

506 1151 708 1227 attendebat
727 1208 736 1226 .
755 1152 942 1226 hominum
960 1153 1087 1251 pariter
1111 1151 1258 1227 salutem
1278 1168 1314 1226 et
1338 1149 1507 1251 gloriam:

506 1265 653 1338 zelantis
669 1281 705 1338 et
722 1264 942 1364 procurantis
965 1266 1045 1340 Dei.
1098 1267 1184 1339 Non
1207 1291 1294 1341 vero
1317 1264 1509 1338 muituma

503 1378 584 1450 loco
601 1377 661 1451 ubi
678 1403 827 1477 regnum
851 1395 1030 1453 terrenum
1056 1404 1143 1478 pene
1166 1378 1350 1452 moriendo
1373 1375 1509 1475 pridem

505 1488 575 1589 ipse
609 1488 777 1564 amiserat.
836 1490 913 1564 Hic
946 1492 1044 1565 locus
1076 1491 1193 1564 aberat
1226 1489 1287 1564 ubi
1320 1489 1431 1563 vitam
1465 1489 1508 1561 fic

505 1602 718 1676 instituendo
765 1602 914 1702 degebat
957 1660 966 1677 .
1009 1629 1189 1704 regnoque
1237 1603 1392 1676 celorum
1434 1601 1509 1675 vim

506 1712 666 1788 faciendo
679 1713 767 1788 illud
783 1713 948 1813 rapiebat.
1000 1715 1077 1789 Hic
1099 1735 1185 1816 ergo
1202 1713 1374 1814 paciencia
1391 1714 1448 1787 hic
1472 1729 1509 1787 et

506 1827 693 1900 clemencia
708 1826 775 1900 viri
792 1827 883 1901 vires
908 1826 983 1902 suas
1004 1828 1208 1903 exercebant
1228 1845 1263 1901 et
1289 1827 1507 1928 perdebant.

506 1938 568 2013 ubi
585 1955 621 2012 et
639 1939 826 2038 preteritus
842 1939 923 2015 suus
933 1940 1144 2041 suorumque
1156 1939 1271 2040 lapsus
1284 1997 1293 2015 .
1306 1937 1508 2040 presensque

507 2052 657 2126 hostium
681 2051 814 2126 fastus.
840 2054 1008 2129 memorie
1033 2079 1196 2128 necnon.
1215 2070 1250 2127 et
1276 2053 1423 2152 aspectui
1448 2051 1510 2127 suo

507 2191 581 2264 quo
614 2162 835 2263 frequencius
869 2166 1093 2268 ingerebatur
1127 2223 1136 2241 .
1171 2193 1214 2240 eo
1247 2165 1432 2266 benignius
1463 2167 1509 2240 ad

504 2276 728 2352 retribuenda
755 2277 1029 2369 retribuentibus
1058 2279 1117 2353 fibi
1152 2304 1224 2353 non
1258 2280 1350 2354 mala
1376 2277 1425 2354 set
1452 2278 1508 2379 pie

504 2390 750 2464 interceffionis
766 2392 883 2491 ampla
899 2391 1064 2466 beneficia
1080 2390 1298 2467 incitabatur.
