4050 5640
820 399 910 509 Vita
939 383 1114 480 Haroldi'
1127 399 1255 508 Regis.
1485 427 1530 507 31

534 636 604 683 non
623 627 767 684 noverat
782 611 964 684 auditurus
983 667 991 682 .
1010 626 1044 682 et
1061 610 1305 682 tribulaciones
1319 634 1383 706 pro
1400 608 1537 681 Christo

533 749 605 823 non
623 725 777 798 modicas
794 748 875 795 cum
892 723 1022 822 gaudio
1048 721 1221 795 subiturus
1240 778 1248 795 .
1267 722 1537 820 alienigenarum
1561 714 1563 719 ’

534 837 620 910 fines
633 837 837 937 ingreditur.
890 835 1068 908 Postremo
1080 835 1155 907 voti
1170 832 1380 907 saluberrimi
1394 859 1538 932 compos

532 949 675 1023 effeetus
707 948 784 1048 post
817 948 932 1022 varios
971 974 1060 1048 quos
1099 972 1298 1020 enumerare
1333 972 1405 1018 non
1439 963 1539 1020 vacat

535 1061 699 1135 circuitus
715 1062 760 1135 ad
775 1061 929 1160 patrium
954 1077 995 1133 ut
1012 1060 1196 1134 Haroldus
1212 1057 1323 1133 solum
1340 1059 1536 1132 revertitur.

535 1173 705 1248 Reversus
732 1173 881 1249 veroin
910 1174 992 1247 villa
1021 1174 1172 1271 quadam
1202 1171 1367 1245 territorii
1396 1174 1730 1261 Oxenc-neiequipei·

535 1286 699 1362 fordensis
747 1285 927 1359 Stantona¹
978 1285 1120 1359 nomine
1161 1283 1227 1358 sese
1275 1282 1536 1383 permansurum
1551 1262 1742 1366 iiffifffm

535 1401 665 1499 recepit
684 1456 692 1473 .
712 1417 907 1498 receptum:
935 1398 1079 1472 inclusit.
1133 1396 1286 1471 Inclusus
1303 1395 1472 1497 plerisque
1489 1395 1537 1468 ob
1550 1379 1717 1486 {mg}

537 1512 658 1586 scelera
683 1511 799 1585 clausis
823 1528 858 1585 et
884 1511 1104 1584 incarceratis·
1124 1511 1344 1584 austeriorem
1369 1508 1538 1609 usquead

537 1642 687 1698 mortem
720 1625 830 1698 vitam
863 1624 975 1699 duxit.
1027 1623 1128 1696 Hinc
1157 1623 1320 1724 religiosis
1345 1620 1539 1721 quibusque

538 1738 741 1812 venerabilis
757 1738 897 1811 effectus
914 1755 950 1811 et
967 1763 1079 1811 carus:
1097 1763 1117 1809 a
1134 1737 1254 1810 multis
1270 1737 1384 1836 gracia
1401 1735 1540 1810 edifica-

539 1852 647 1925 cionis
663 1868 803 1926 mutue:
830 1851 957 1951 requiri
976 1849 1102 1923 solebat
1119 1867 1155 1923 et
1171 1850 1398 1924 desideranter
1414 1849 1513 1923 adiri.

590 1965 793 2037 lnnotuerat
815 1963 909 2036 enim
934 1963 1171 2037 devotissimus
1187 1964 1267 2035 Deo
1283 1961 1541 2037 diihi‘ctiffimus

539 2076 599 2150 fibi
630 2075 776 2150 affabilis
803 2075 935 2148 cunetis
954 2131 962 2147 .
982 2074 1156 2148 beneficus
1181 2075 1325 2166 multis3
1353 2073 1542 2172 benevolus

541 2189 714 2264 universis.
760 2188 827 2262 Per
844 2188 956 2261 hecet
982 2185 1181 2286 hujusmodi
1203 2187 1329 2260 Christi
1346 2187 1541 2285 cuicunque

540 2303 654 2376 bonus
677 2302 765 2375 odor
787 2299 927 2374 effeetus
961 2299 1058 2374 ειιῐη2
1083 2300 1121 2372 in
1143 2301 1251 2373 odore
1280 2316 1541 2400 unguentorum

539 2414 616 2514 ejus
641 2413 755 2486 cundti
772 2413 990 2486 traherentur
1007 2469 1016 2486 .
1035 2437 1092 2484 me
1121 2437 1203 2486 cum
1230 2413 1351 2485 ceteris
1374 2428 1542 2510 tanquam

542 2527 702 2627 pusillum
737 2551 818 2599 cuin
852 2525 1042 2625 majoribus
1080 2525 1177 2599 simul
1217 2526 1332 2623 rapuit
1367 2581 1377 2598 .
1412 2523 1542 2622 sibique

542 2641 668 2714 arctius
684 2639 825 2713 vinculo
850 2639 1048 2713 dileccionis
1073 2637 1237 2712 astrinxit.
1287 2639 1406 2735 Quem
1428 2638 1542 2712 adhuc

542 2779 626 2827 vero
652 2769 749 2826 tener
779 2808 789 2825 .
817 2751 994 2852 religionis
1024 2749 1226 2849 professione
1252 2752 1399 2824 tenellus
1427 2806 1435 2823 .
1461 2774 1542 2822 cum

542 2891 604 2965 per
637 2864 873 2938 internuncios
910 2863 1097 2962 utrobique
1131 2857 1306 2963 graviores
1339 2862 1543 2939 creberrime

543 2979 775 3081 aliquociens8
802 3006 864 3079 per
897 2978 1140 3078 memetipsum
1166 2979 1345 3053 visitassem
1356 2978 1384 3053 :4
1418 2980 1462 3053 ad
1489 2979 1545 3051 in-

543 3095 630 3168 tima
647 3095 790 3170 demum
815 3092 1055 3166 familiaritatis
1073 3091 1213 3165 sacraria
1229 3092 1273 3164 ab
1291 3090 1365 3190 ipso
1381 3090 1544 3166 admissus

544 3205 629 3280 sum.
683 3208 814 3306 inquo
836 3207 978 3281 tandem
1005 3206 1103 3278 annis
1123 3205 1200 3304 jam
1216 3204 1440 3304 proveccior⁶
1457 3204 1544 3278 adeo

545 3319 692 3418 profeci:
719 3336 760 3391 ut
785 3317 899 3392 secum
922 3320 965 3393 de
982 3318 1156 3391 interioris
1179 3317 1331 3391 hominis
1355 3315 1443 3389 statu
1460 3342 1545 3389 con-

544 3431 666 3507 ferenti
696 3488 705 3505 .
732 3431 793 3504 vix
823 3431 1004 3530 quippiam
1034 3429 1175 3504 suorum
1204 3430 1309 3503 michi
1337 3428 1544 3502 secretorum

547 3546 643 3645 quod
659 3543 894 3618 instructionis
919 3569 995 3616 mee
1018 3543 1200 3642 negotium
1216 3559 1410 3641 expeteret:
1436 3542 1544 3614 celare

583 3703 597 3744 ¹
619 3705 736 3763 Stantoii
752 3705 903 3775 Hercourt,
918 3704 1003 3762 about
1016 3703 1069 3762 five
1084 3704 1164 3762 milei
1178 3703 1251 3762 from
1265 3702 1392 3781 Witney,
1407 3703 1444 3764 G.

583 3783 729 3854 ¹H.M.;
750 3785 926 3864 quum,G.;
946 3783 1164 3862 andsoalwaya

584 3865 597 3905 ⁸
617 3865 727 3935 HM.;
748 3865 901 3944 aliquoties,
916 3865 955 3926 G.

584 3946 598 3987 ⁴
617 3946 697 4005 Note
709 3946 739 4004 in
759 3948 808 4005 the
823 3946 931 4021 margin
951 3946 987 4004 os
1004 3946 1052 4004 tbe
1069 3945 1134 4005 MS.
1152 3966 1159 4004 ε
1181 3945 1317 4004 “Auctor
1330 3943 1449 4023 praeseiis
1462 3945 1543 4016 fuit,”

544 4028 574 4087 in
588 4049 603 4086 a
616 4027 804 4103 handwriting
817 4027 852 4084 of
861 4027 910 4085 the
926 4027 1087 4085 fourteenth
1103 4040 1228 4102 century.

585 4109 597 4148 ⁶
620 4109 708 4167 Hm.
718 4132 728 4177 ;
749 4108 914 4186 provestior,
929 4107 968 4166 G.
