4050 5640
798 456 837 532 V
832 454 886 533 ita
916 453 1081 534 Haroldi
1105 455 1231 563 Regis.
1460 482 1511 560 29

514 660 689 759 numquid
719 661 762 733 ad
790 659 977 758 perniciem
1008 660 1062 731 vel
1092 660 1137 732 ad
1165 658 1395 756 insipienciam
1429 658 1511 730 fibi?
1609 733 1611 737 ,

514 773 614 845 Num
633 774 699 846 hoc
725 771 898 845 sustinebit
917 798 1040 844 manus
1060 771 1118 843 illa
1136 771 1225 870 regis
1243 771 1395 844 crucifixi
1416 827 1424 843 .
1444 797 1514 869 qua

512 885 751 958 obstetricante
791 885 940 984 egrellus
979 884 1026 957 est
1067 884 1208 958 coluber
1241 882 1438 957 tortuosus?
1474 910 1513 956 ea

512 999 656 1098 quidem
684 998 906 1097 permittente
933 998 1050 1097 tetigit
1081 998 1150 1071 olla
1176 997 1252 1097 ejus
1280 1053 1289 1070 .
1318 1014 1353 1070 et
1382 997 1513 1096 singula

513 1110 584 1185 fere
609 1111 764 1184 membra
790 1109 927 1184 hostilis,
940 1109 1070 1184 framea
1089 1167 1097 1183 .
1116 1135 1253 1182 carnem
1270 1136 1413 1209 quoque
1438 1109 1513 1208 ejus

511 1225 662 1323 graviter
673 1224 877 1297 vulneravit.
921 1223 1003 1295 Hac
1014 1220 1227 1320 dispensante
1238 1223 1301 1294 hac
1312 1222 1514 1295 mirabiliter

511 1334 714 1435 disponente
739 1336 802 1409 hec
829 1336 947 1408 omnia
973 1334 1034 1408 suo
1059 1361 1203 1409 evenere
1229 1335 1394 1410 Haroldo
1419 1353 1458 1407 ut
1476 1335 1513 1407 in

512 1466 633 1522 ventre
667 1449 867 1548 pregnantis
894 1448 1027 1522 ecclesre
1060 1448 1213 1521 hominis
1246 1464 1326 1520 ante
1355 1464 1513 1546 tempora

511 1560 671 1634 secularia
706 1561 899 1661 precogniti
933 1578 969 1634 et
1003 1559 1071 1633 suis
1104 1560 1321 1658 temporibus
1354 1586 1416 1660 per
1449 1560 1513 1634 hec

511 1674 628 1745 omnia
641 1676 721 1746 Deo
738 1672 897 1746 nascituri
915 1689 949 1746 et
961 1671 1105 1771 perfecie
1123 1673 1303 1771 placituri:
1330 1672 1398 1745 offa
1415 1697 1513 1745 com-

511 1786 747 1885 pingerentur.
800 1786 1000 1883 Conceptus
1026 1810 1177 1883 namque
1196 1811 1258 1884 per
1282 1785 1510 1859 devocionem

511 1898 699 1973 secundum
713 1900 913 1972 interiorem
931 1900 1108 1972 hominem
1125 1902 1205 1972 Deo
1224 1956 1232 1972 .
1252 1899 1319 1972 hiis
1338 1898 1511 1972 exerciciis
1522 1912 1539 1962 f·
1551 1917 1599 1974 an

509 2010 676 2085 crescebat
706 2029 741 2085 et
768 2012 1057 2112 augmentabatur
1086 2011 1300 2086 formabatur
1326 2030 1361 2086 et
1387 2010 1511 2087 solida-

509 2125 633 2198 batur:
660 2142 701 2197 ut
730 2126 874 2200 demum
905 2125 941 2197 in
969 2125 1201 2224 parturicione
1223 2127 1422 2226 egrediente
1448 2154 1510 2227 pre

508 2238 629 2311 dolore
655 2237 814 2311 Rachelis
839 2237 954 2312 anima
977 2237 1158 2336 susciperet
1184 2239 1222 2311 in
1251 2265 1294 2312 eo
1318 2239 1427 2334 Jacob
1444 2265 1510 2338 pro

509 2352 666 2423 Bennoni
675 2350 699 2424 :¹
714 2350 907 2450 Benjamin.
960 2352 1034 2446 Qui
1047 2353 1141 2425 enim
1158 2353 1260 2424 matri
1279 2351 1336 2426 sue
1348 2352 1509 2428 videlicet

508 2463 661 2562 angelice
677 2463 808 2538 doloris
824 2481 860 2537 et
877 2464 999 2536 mortis
1016 2464 1108 2537 filius
1119 2463 1211 2537 visus
1227 2464 1275 2538 est
1293 2521 1301 2538 .
1321 2466 1410 2565 patri
1428 2468 1508 2538 Deo
1578 2455 1580 2459 ’

507 2575 569 2673 qui
600 2577 771 2674 populum
798 2593 915 2649 mente
945 2575 1131 2674 superbum
1162 2577 1305 2651 crimine
1332 2576 1507 2677 hispidum

507 2687 671 2786 variaque
685 2688 885 2785 proditione
895 2706 1079 2761 cruentum
1093 2690 1159 2762 hoc
1172 2707 1299 2763 eventu
1309 2692 1506 2764 decreverat

507 2797 820 2898 supplantandum:
847 2801 939 2874 filius
953 2801 1110 2875 dextere2
1143 2801 1230 2876 mira
1247 2803 1349 2901 ipsius
1366 2828 1508 2900 permu-

507 2912 643 2984 tacione
655 2912 805 2986 effeetus.
857 2915 991 2987 Verum
1009 2915 1092 3012 quia
1108 2914 1238 3014 ubique
1255 2914 1324 2987 fere
1336 2931 1507 2988 terrarum

509 3024 635 3098 celebri
680 3023 836 3098 sermone
883 3026 1067 3125 vulgatum
1117 3026 1165 3100 est
1206 3028 1506 3126 quemadmodum

507 3139 683 3213 Edwardo
700 3136 904 3212 sanctillimo
932 3141 976 3214 ad
1001 3138 1119 3212 celeste
1143 3140 1306 3212 transsato
1333 3139 1369 3212 in
1396 3166 1506 3240 regno

506 3268 644 3324 terreno
661 3249 848 3324 successerit
861 3252 1043 3326 Haroldus
1053 3252 1202 3350 qualiter
1218 3250 1372 3351 ejusdem
1390 3250 1505 3326 favore

506 3364 550 3436 de
578 3363 797 3463 Norwagicis
824 3364 1094 3463 triumphaverit
1120 3390 1297 3464 quamque
1323 3365 1506 3464 magnani-

506 3476 609 3549 miter
634 3503 741 3576 quam
769 3477 857 3549 celer
884 3495 918 3550 et
944 3477 1134 3576 imparatus
1161 3503 1222 3575 pre
1246 3477 1353 3550 nimia
1379 3478 1505 3551 mentis

505 3588 697 3662 constancia
720 3588 1040 3688 supervenientibus
1058 3590 1273 3663 Normannis
1290 3590 1476 3663 occurrerit
1496 3647 1504 3663 .

506 3727 545 3774 ac
562 3702 640 3774 cesrs
665 3700 763 3775 sociis
788 3700 858 3800 ipse
883 3728 1026 3801 quoque
1053 3703 1090 3775 in
1117 3703 1211 3775 hoste
1235 3702 1414 3776 ceciderit:
1441 3728 1505 3776 nos

506 3838 576 3913 que
594 3813 669 3913 post
687 3816 748 3888 hec
766 3841 828 3913 per
852 3842 934 3888 eum
959 3815 1128 3891 divinitus
1153 3842 1192 3888 ac
1210 3815 1299 3888 circa
1316 3841 1397 3887 eum
1415 3813 1504 3887 fadta

507 3926 686 4026 plerosque
728 3929 832 4001 latere
874 3927 1126 4027 cognovimus:
1169 3928 1327 4000 Domino
1368 3925 1504 4001 favente

747 4075 759 4114 ¹
780 4078 815 4134 In
828 4077 974 4136 reference
989 4092 1019 4135 to
1033 4077 1107 4138 Gen
1124 4097 1207 4138 xxxv.
1227 4081 1271 4138 18.

747 4157 759 4196 ²
781 4158 890 4227 H.M.;
911 4158 1027 4230 dextrae,
1042 4159 1079 4218 G.
