4050 5640
743 513 796 598 72
1027 464 1116 567 Vita
1145 484 1308 568 Horoldi
1333 486 1461 595 Regis.

741 701 811 779 dici
827 701 949 777 aiebat.
1001 703 1076 800 Qui
1102 702 1197 777 enim
1220 701 1373 776 nominis
1401 701 1635 802 appellatione
1663 699 1743 775 uni·

742 814 845 891 versu
854 814 1053 890 cicatricum
1066 840 1151 890 vero
1160 814 1300 890 suarum
1312 813 1527 914 inspectione
1536 812 1744 914 quibusdam

743 927 958 1012 innotuerat:
983 929 1126 1003 vultum
1137 926 1521 1002 sunul¹etvocabulum
1534 924 1743 1001 occultabat.

743 1041 908 1116 Timebat
935 1067 1086 1141 namque
1112 1067 1155 1114 ne
1181 1039 1270 1115 forte
1295 1040 1349 1114 his
1374 1039 1510 1114 indiciis
1526 1041 1741 1139 proderetur.

744 1154 929 1228 Metuebat
976 1153 1144 1253 siquidem
1178 1180 1223 1227 ne
1255 1155 1310 1226 vel
1345 1179 1365 1226 a
1401 1152 1467 1226 suis
1500 1153 1525 1225 fi
1557 1151 1621 1252 qui
1655 1149 1743 1225 sorte

743 1265 907 1366 superesse
950 1266 1138 1364 potuissent
1180 1267 1235 1339 vel
1282 1265 1325 1338 ab
1374 1264 1493 1338 alienis
1534 1289 1678 1365 quoque
1720 1264 1744 1336 fi

742 1378 1005 1480 agnosoeretur?
1049 1379 1221 1478 plausibus
1261 1380 1477 1478 exciperetur
1512 1377 1569 1451 seu
1605 1376 1744 1477 pristine

741 1490 922 1591 dignitatis
937 1508 974 1565 et
992 1492 1158 1565 moderne
1176 1490 1383 1565 humilitatis
1392 1490 1525 1565 intuitu
1544 1547 1552 1563 .
1573 1488 1744 1564 seudum

742 1602 927 1677 domestice
953 1602 1206 1677 necesitudinis
1231 1620 1291 1677 aut
1317 1601 1560 1677 familiaritatis
1582 1601 1742 1676 obtentu.

744 1718 820 1790 Nec
838 1716 931 1791 enim
949 1717 1145 1790 timendum
1162 1735 1236 1790 erat
1254 1743 1297 1790 ne
1314 1716 1421 1790 talem
1439 1732 1568 1790 etatem
1585 1714 1643 1790 seu
1660 1740 1745 1789 con-

744 1827 975 1904 versacionem
992 1853 1099 1929 agens
1114 1829 1237 1903 talem:
1263 1828 1306 1902 ab
1324 1828 1477 1902 hostibus
1498 1829 1521 1901 fi
1539 1828 1745 1927 proderetur

746 1942 914 2016 hostiliter
938 1947 1141 2015 traderetur
1159 1997 1168 2015 .
1186 1960 1222 2015 et
1243 1941 1365 2016 durius
1389 1968 1497 2041 quam
1523 1939 1555 2015 se
1573 1940 1643 2041 ipse
1660 1965 1746 2013 con-

743 2052 945 2128 ſtruxerat²z
965 2078 1026 2152 per
1043 2051 1133 2152 ipsos
1149 2040 1347 2129 arctaretur.
1381 2055 1467 2129 Non
1484 2071 1557 2128 erat
1574 2054 1745 2127 incertum

743 2185 862 2242 tamen
880 2167 963 2267 quia
989 2167 1011 2239 si
1036 2193 1158 2241 eorum
1179 2167 1304 2241 notitie
1322 2187 1554 2267 exponeretur
1570 2165 1746 2239 molestius

745 2279 869 2379 utique
886 2305 993 2378 quam
1009 2279 1150 2354 eculeis³
1166 2297 1202 2353 et
1216 2279 1406 2355 carceribus
1415 2274 1578 2354 laudibus
1590 2276 1745 2379 ipsorum

744 2408 782 2466 et
799 2391 969 2491 preconiis
986 2410 1212 2490 premeretur.
1264 2391 1356 2489 Quis
1372 2392 1466 2466 enim
1483 2410 1557 2465 tam
1573 2390 1749 2493 humilem¹

746 2520 783 2578 et
812 2503 962 2578 mitem.
981 2521 1054 2576 tam
1077 2504 1268 2605 benignum
1295 2522 1331 2579 et
1357 2506 1489 2579 leuem⁴
1516 2522 1589 2577 tam
1619 2500 1744 2577 mundi

744 2616 848 2690 rebus
878 2616 1016 2692 inanem
1044 2618 1265 2718 .mundique
1291 2616 1503 2691 amatoribus
1533 2613 1656 2714 sponte
1684 2615 1749 2690 de-.

744 2727 940 2829 spirabilem
982 2728 1105 2804 videns
1147 2786 1156 2804 .
1201 2729 1378 2830 presertim
1420 2730 1444 2803 ss
1486 2746 1617 2829 quante
1659 2728 1745 2801 olim

745 2843 948 2917 exoellencie
995 2862 1196 2943 quanteque
1243 2843 1419 2917 affluencie
1474 2854 1537 2916 n‘ec
1586 2867 1657 2915 non
1710 2857 1746 2915 et

747 2955 906 3053 potencie
935 2952 1051 3029 fuisset
1082 2955 1226 3030 minime
1252 2958 1375 3030 lateret
1406 3012 1415 3030 .
1443 2954 1614 3056 quicquid
1637 2953 1746 3052 posset

744 3065 977 3141 venerationis
1017 3084 1053 3142 et
1092 3067 1235 3141 honoris
1268 3094 1340 3141 non
1372 3068 1404 3142 ei
1437 3067 1654 3144 devotislime
1687 3093 1749 3140 ex-

746 3177 906 3252 hiberet?
956 3181 1014 3252 De
1030 3179 1108 3279 ejus
1124 3205 1274 3279 namque
1292 3180 1498 3279 parsinmnia
1513 3197 1550 3254 et
1575 3177 1748 3279 paciencia

748 3289 838 3364 illud
865 3290 902 3363 in
927 3316 971 3366 eo
996 3291 1153 3366 mirabile
1177 3294 1444 3368 commendatur
1468 3294 1567 3394 quod
1584 3317 1657 3367 non
1673 3309 1748 3365 tam

747 3404 793 3477 ad
810 3401 955 3502 injurias
972 3403 1182 3503 pacientiam
1207 3430 1314 3504 quam
1340 3405 1598 3479 benificenciam
1624 3429 1750 3502 repen-

747 3514 852 3590 debat
879 3531 915 3589 et
944 3515 1115 3590 cariosum
1138 3516 1215 3618 jam
1251 3518 1498 3615 corpusculum
1537 3515 1747 3593 refocillabat

747 3627 868 3727 pocius
897 3654 1004 3727 quam
1034 3629 1206 3703 reficiebat
1233 3629 1436 3703 tenuissimis
1458 3629 1640 3704 alimentis.
1692 3630 1749 3701 De

747 3765 821 3838 quo
842 3759 878 3814 et
904 3741 971 3814 hoc
988 3767 1008 3814 a
1024 3743 1179 3841 quodam
1213 3741 1373 3843 religioso
1401 3744 1593 3817 admodum
1622 3740 1750 3814 Christi

748 3851 845 3927 servo
862 3854 1056 3953 accepimus
1074 3912 1083 3928 .
1102 3853 1185 3954 quia
1214 3856 1237 3928 si
1262 3856 1406 3954 quando
1422 3856 1477 3928 vel
1503 3855 1628 3929 exilem
1650 3852 1751 3953 pisci-

788 4071 799 4111 ¹
820 4072 929 4143 H.M.;
951 4073 1036 4145 simol,
1052 4074 1091 4133 G.
1259 4073 1272 4114 ²
1292 4074 1405 4144 H.M.;
1425 4075 1613 4145 conslrixerat,
1628 4073 1668 4133 G.

787 4151 800 4192 ⁸
822 4153 931 4224 H.M.;
952 4156 1062 4226 aculeis,
1078 4154 1118 4214 G.
1260 4158 1274 4195 ⁴
1295 4154 1334 4214 H.
1344 4179 1354 4224 ;
1374 4156 1478 4225 lenem,
1495 4154 1582 4216 ΜΒ.
