4050 5640
798 441 886 522 Vita
915 440 1079 522 Haroldi
1103 443 1230 551 Regis.
1458 472 1484 548 4
1488 470 1509 552 ς

508 647 655 722 Crisanti
685 666 719 721 et
747 650 853 721 Darie
882 650 1015 723 rediens
1045 651 1088 724 ad
1120 651 1257 748 propria
1287 650 1384 724 beata
1413 652 1510 724 simul

509 764 578 835 olla
612 761 703 835 visus
737 764 775 834 sat
810 761 988 860 asportasse
1023 791 1042 835 a
1078 766 1201 836 Roma.
1254 767 1387 837 Verum
1423 766 1511 838 tanti

510 877 654 974 predam
682 874 829 948 thesauri
861 878 1003 949 tandem
1035 877 1092 947 fibi
1130 894 1325 974 prereptam
1361 877 1510 950 Romani

510 987 695 1061 sencientes
712 1006 746 1060 et
765 988 801 1061 id
820 1014 891 1060 non
909 1014 998 1086 eque
1016 987 1181 1062 serentes:
1203 990 1278 1088 jam
1297 990 1481 1063 abeuntem
1501 1049 1509 1064 .

506 1099 583 1200 jam
601 1100 739 1199 longius
752 1099 988 1173 abscedentem
1006 1101 1097 1173 diete
1110 1100 1185 1199 jam
1198 1102 1300 1174 tercie
1318 1101 1375 1175 seu
1389 1120 1511 1201 quarte
1566 1145 1568 1148 >

511 1212 649 1286 emenso
674 1214 795 1285 itinere
819 1213 917 1311 pium
948 1211 1119 1285 consecuti
1147 1215 1335 1311 predonem
1361 1216 1512 1314 gressum

512 1326 618 1398 sastere
646 1344 787 1424 cogunt.
840 1326 917 1398 Nec
947 1325 1040 1397 enim
1068 1326 1168 1397 reniti
1197 1344 1257 1397 aut
1290 1326 1423 1399 viribus
1455 1328 1511 1398 vel

512 1438 594 1538 fuga
612 1465 791 1536 erumpere
809 1438 1051 1536 indigenarum
1072 1438 1264 1512 multitudo
1281 1465 1409 1536 paucos
1427 1440 1512 1512 sme-

513 1552 571 1624 bat
590 1551 798 1651 peregrinos.
844 1551 942 1646 Quid
961 1551 1092 1623 multa?
1139 1554 1319 1624 Tenetur.
1338 1558 1509 1625 atstatur.

512 1663 676 1736 conviciis
693 1682 839 1763 urgetur
866 1663 1062 1736 Haroldus.
1116 1665 1294 1763 Quodque
1312 1664 1378 1736 hiis
1395 1665 1510 1764 egrius

511 1777 594 1848 tulit
610 1834 618 1850 .
634 1776 782 1874 pristinis
800 1774 1040 1874 possessoribus
1058 1775 1188 1848 minus¹
1204 1796 1309 1874 prout
1323 1778 1508 1850 asserebant

512 1889 683 1989 legittime
713 1888 938 1986 conquisitas:
970 1889 1112 1961 reddere
1140 1890 1364 1987 compellitur
1398 1890 1510 1962 inesti-

512 2002 648 2075 mabilis
688 2001 792 2100 precii
834 2001 1048 2100 margaritas.
1119 2002 1361 2074 Prediclorum
1402 2003 1510 2103 igitur

511 2115 638 2187 Christi
663 2114 801 2187 testium
829 2112 865 2184 in
891 2113 1019 2186 divinis
1045 2139 1116 2184 non
1148 2113 1317 2215 suffragiis
1340 2115 1510 2188 violencia

511 2229 752 2300 Romanorum
777 2225 942 2324 spoliatus
962 2282 969 2298 .
989 2242 1100 2297 cetera
1131 2251 1201 2297 non
1230 2227 1345 2299 minus
1364 2227 1509 2325 precios-

510 2341 617 2413 issima
636 2341 748 2412 Rome
775 2337 954 2411 obiterve2
971 2338 1138 2437 adquisita
1158 2396 1165 2411 .
1185 2339 1220 2410 in
1248 2341 1379 2412 ecclesia
1399 2339 1510 2439 sepius

510 2472 701 2525 memorata
736 2451 846 2548 patrie
880 2451 1036 2524 redditus
1067 2449 1179 2523 secum
1206 2452 1324 2524 attulit
1352 2479 1509 2526 reveren-

509 2566 633 2637 tissime
667 2563 908 2637 conservanda.
973 2563 1187 2635 Devocionis
1221 2589 1305 2636 vero
1340 2564 1434 2637 illius
1474 2584 1508 2639 et
1523 2581 1596 2629 Note

509 2678 641 2751 cautele
660 2735 668 2749 .
687 2675 908 2776 vigilanciam
935 2675 971 2746 in
989 2675 1212 2773 adquirendis
1237 2695 1272 2748 et
1300 2676 1508 2751 reservandis

508 2790 703 2864 sanetorum
729 2789 885 2889 reliquiis
911 2790 933 2860 si
960 2814 1068 2887 quem
1096 2789 1233 2886 plenius
1260 2791 1354 2862 nolle
1383 2790 1506 2889 juvat:

510 2922 732 3003 prenotatum
780 2904 824 2976 de
865 2902 1070 2975 invencione
1111 2903 1222 2976 crucis
1262 2905 1507 2977 Waltamensts

510 3016 664 3115 superius
693 3021 881 3088 tradatum
909 3012 1055 3087 studiose
1085 3015 1252 3087 revolvat.
1305 3016 1384 3088 Nos
1413 3016 1507 3089 enim
1520 3040 1539 3087 t.
1552 3056 1587 3089 ια.

507 3156 576 3228 que
594 3156 613 3201 a
630 3127 805 3201 veteribus
823 3127 946 3226 scripta
960 3125 1038 3199 sunt
1057 3126 1345 3200 intermittentes:
1374 3155 1507 3202 novum

507 3241 663 3314 nostrum
681 3266 774 3313 novo
792 3240 856 3312 stili
886 3240 998 3311 officio
1016 3239 1263 3338 prosequemur
1287 3257 1326 3312 ut
1353 3241 1507 3339 cepimus

507 3355 644 3428 Christo
670 3355 819 3427 ducente
846 3352 1078 3452 peregrinum.
1132 3353 1250 3447 Quem
1276 3354 1353 3426 ets1
1378 3356 1507 3428 multas

506 3468 768 3566 perlustrantem
797 3467 891 3539 orbis
915 3466 1097 3539 Christiani
1126 3466 1319 3563 provincias
1347 3524 1355 3540 .
1382 3485 1507 3568 totque

504 3685 578 3743 been
598 3684 698 3743 walled
720 3704 758 3759 up
775 3698 803 3740 at
824 3683 898 3740 their
919 3683 1005 3741 tomb.
1049 3682 1117 3739 The
1141 3684 1261 3740 remains
1283 3684 1318 3740 os
1339 3685 1385 3744 SS.
1413 3685 1506 3762 Chry·

505 3766 617 3824 santhue
635 3765 690 3823 and
704 3764 791 3823 Daria
805 3763 861 3821 had
882 3764 955 3821 been
976 3762 1125 3820 transsated
1148 3779 1176 3820 to
1198 3764 1245 3820 the
1261 3765 1363 3841 Abbey
1377 3766 1411 3823 of
1422 3765 1505 3824 Prom

504 3847 534 3904 in
549 3847 597 3904 the
612 3845 770 3903 dioceseos
780 3845 879 3902 Triers
892 3845 922 3902 in
936 3863 992 3904 mn.
1011 3846 1078 3919 842,
1093 3844 1130 3920 by
1143 3844 1196 3919 gift
1210 3844 1245 3901 of
1256 3844 1332 3921 Pope
1342 3846 1452 3921 Sergius
1463 3848 1503 3905 11.

504 3927 540 3984 In
555 3946 611 3986 ao.
628 3928 687 4003 844
708 3927 776 4002 they
796 3946 870 3983 were
891 3923 1025 3983 removed
1046 3939 1075 3981 to
1097 3925 1145 3982 the
1166 3924 1268 4000 Abbey
1282 3925 1366 3984 osse
1382 3928 1454 3985 Avol
1474 3949 1506 3985 or

506 4009 544 4067 St.
569 4006 667 4064 Navor
690 4007 720 4064 in
748 4008 796 4063 the
825 4005 934 4064 diocese
961 4004 996 4063 of
1015 4005 1107 4073 Metz,
1130 4005 1280 4080 according
1302 4020 1331 4062 to
1354 4007 1504 4078 Mabillon,

506 4089 571 4146 Saec.
589 4092 624 4146 iv.
644 4087 738 4145 Bened.
755 4106 781 4163 p.
799 4084 865 4144 611.

564 4167 575 4205 ¹
597 4168 638 4225 H.
655 4191 663 4235 ;
684 4166 812 4237 omitted,
830 4166 918 4224 M.G.
1059 4164 1072 4202 ²
1093 4164 1154 4233 G.;
1175 4166 1212 4223 ob
1227 4167 1280 4224 iter
1293 4187 1336 4236 ve,
1353 4167 1442 4227 H.M.
