4050 5640
798 477 887 561 Vita
917 476 1081 557 Horoldi
1105 478 1231 585 Regis.
1494 504 1514 582 5

514 677 652 752 indiciis
670 681 818 754 fideliter
843 683 1017 781 affignare.
1071 685 1127 756 Eo
1144 684 1276 782 quippe
1289 683 1379 782 juris
1396 702 1519 756 tenore

515 792 724 889 peculiarem
760 811 950 891 patronum
988 814 1023 868 et
1059 815 1269 894 perpetuum
1306 797 1518 869 nutritorem

514 905 664 978 vestrum
699 906 825 980 debitis
867 907 1034 980 tenemini
1072 909 1245 981 virtutum
1273 909 1410 982 suarum
1440 935 1519 1007 pre-

514 1017 625 1091 coniis
641 1019 808 1092 illustrare
828 1077 835 1093 .
855 1047 929 1120 quo
947 1021 1084 1094 crimini
1103 1039 1240 1119 poterat
1254 1021 1518 1120 ingratitudinis

514 1156 587 1203 non
605 1131 749 1231 oblique
773 1133 927 1207 asscribi:
954 1135 977 1206 fi
999 1134 1224 1232 promeritosl
1244 1136 1390 1207 laudum
1415 1135 1518 1233 ipsius

513 1242 640 1317 titulos
668 1302 677 1317 .
708 1245 820 1319 editui
848 1245 898 1319 sui
926 1264 962 1319 et
992 1247 1150 1344 alumpni
1182 1246 1348 1320 defidioso
1379 1247 1518 1319 silencio

513 1357 655 1454 posteris
668 1356 879 1434 furarentur.
917 1359 1146 1433 Providencie
1159 1359 1411 1432 nichilominus
1420 1385 1516 1432 com-

513 1471 665 1567 petentis
708 1472 755 1544 est
798 1473 906 1571 quod¹
926 1471 1089 1544 laudibus
1123 1471 1234 1545 sande
1270 1473 1381 1545 crucis
1415 1472 1516 1570 ipsius

512 1581 659 1654 cultoris
676 1582 886 1657 devotiffimi
913 1585 1033 1659 laudes
1058 1583 1243 1657 decernitis
1270 1582 1524 1683 subrogandas'

512 1695 636 1768 Crucis
654 1695 765 1770 sande
782 1724 824 1770 ex
845 1714 926 1771 toto
947 1697 1114 1771 nimirum
1138 1697 1269 1771 accedit
1287 1698 1401 1796 glorie
1418 1697 1516 1796 quic-

510 1807 598 1905 quid
633 1809 669 1881 in
704 1809 791 1883 servi
826 1810 877 1883 sui
912 1811 1046 1884 meritis
1079 1827 1114 1884 et
1150 1810 1360 1885 virtutibus:
1387 1809 1516 1883 enituit

510 1922 798 1996 commendabile.

561 2034 657 2106 Inter
675 2036 737 2108 hec
755 2062 859 2135 quam
880 2062 955 2109 mee
974 2036 1103 2134 pariter
1120 2035 1300 2109 incumbat
1318 2035 1519 2108 modicitati

509 2146 628 2220 animo
642 2173 771 2246 magno
788 2166 823 2221 et
844 2149 976 2222 volenti
994 2148 1164 2249 quicquid
1182 2149 1273 2221 vires
1290 2147 1524 2247 suggesserint.

509 2259 620 2332 immo
660 2260 832 2361 quicquid
858 2262 970 2360 gratia
1001 2261 1129 2333 celestis
1158 2260 1340 2334 indulserit
1375 2261 1419 2334 ad
1448 2261 1515 2333 im-

510 2372 636 2470 pendia
670 2390 744 2446 tam
770 2373 854 2447 boni
881 2373 997 2472 operis
1026 2373 1129 2446 haut2
1156 2372 1304 2472 segniter
1330 2398 1513 2471 corrogare

509 2485 589 2583 quis
612 2485 764 2559 nesciat?
828 2486 989 2559 Vestrum
1015 2486 1185 2585 s1quidem
1219 2487 1330 2559 immo
1356 2485 1512 2558 Haroldi

510 2596 610 2669 vestri
636 2597 836 2698 quinimmo
862 2597 972 2671 sande
993 2614 1227 2698 utrorumque
1252 2598 1363 2671 crucis
1373 2597 1513 2697 jamdiu

510 2733 637 2805 panem
671 2709 857 2783 comedens
890 2709 1051 2783 ociosus.
1071 2737 1145 2810 quo
1179 2710 1308 2783 vestros
1340 2735 1422 2808 erga
1457 2734 1513 2783 me

510 2819 694 2894 sereniores
729 2824 851 2896 vultus
884 2822 1031 2923 aspicio:
1075 2850 1118 2895 eo
1153 2823 1188 2895 in
1224 2849 1280 2895 me
1307 2822 1512 2896 severiorem

508 2933 653 3007 illorum
671 2934 859 3009 sensuram³
871 2934 1108 3034 pertimescere
1121 2936 1202 3036 jure
1216 2936 1326 3008 debeo
1341 2993 1348 3008 .
1364 2936 1387 3007 sr
1405 2937 1512 3008 tantis

508 3049 608 3145 quod
638 3048 720 3121 absit
755 3048 930 3121 beneficiis
954 3075 1026 3120 non
1057 3049 1205 3122 dixerim
1242 3049 1421 3146 ingratum
1446 3046 1510 3121 set*

508 3159 737 3234 inofficiosum
756 3219 764 3234 .
785 3179 858 3234 tam
875 3162 984 3260 gratis
1001 3188 1107 3261 quam
1125 3160 1276 3260 graciose
1293 3161 1509 3234 exhibitum:

507 3272 690 3372 contingat
717 3274 877 3347 inveniri.
931 3276 1059 3346 Geram
1094 3275 1202 3373 igitur
1231 3300 1366 3346 morem
1393 3273 1519 3346 vestris

507 3410 573 3482 pro
611 3386 705 3484 posse
743 3387 915 3460 desideriis
948 3413 1067 3485 geram
1096 3413 1203 3487 quam
1239 3407 1363 3485 potero
1398 3387 1511 3459 vicem

507 3499 700 3604 beneficiis3
727 3527 766 3573 ea
783 3518 900 3573 tamen
927 3502 1065 3574 racione
1082 3500 1249 3601 quatinus
1265 3518 1302 3572 et
1321 3526 1385 3572 vos
1403 3499 1510 3572 vestra

506 3611 612 3683 michi
627 3617 724 3710 pasta
738 3611 888 3685 servetis.
917 3614 1094 3687 Tenorem
1109 3611 1235 3685 scilicet
1249 3611 1510 3685 scribendorum

505 3725 712 3824 diligentius
745 3727 949 3799 examinetis
984 3783 992 3800 .
1028 3726 1224 3799 examinata
1258 3726 1510 3799 tantummodo

504 3837 707 3934 approbetis
736 3867 744 3913 :
778 3855 841 3911 aut
882 3838 1085 3912 emendetis.
1147 3838 1324 3911 Sermonis
1365 3863 1509 3937 quoque

545 4031 556 4069 ¹
579 4030 633 4090 Pro
654 4032 776 4102 meritos,
797 4031 873 4102 Ms„
888 4030 957 4088 with
979 4030 1058 4088 mark
1074 4029 1141 4105 bys
1162 4029 1217 4087 late
1238 4028 1314 4087 hand
1335 4043 1363 4086 to
1375 4029 1437 4106 join
1458 4027 1519 4086 the.

504 4111 604 4169 words.
1048 4109 1060 4148 ²
1081 4109 1169 4167 H.M.
1179 4134 1188 4178 ς
1210 4110 1294 4179 haud,
1310 4109 1355 4168 G..

543 4193 556 4232 ³
579 4194 623 4252 Sic
641 4193 729 4263 MS.;
751 4191 903 4262 censuram,
919 4192 958 4251 G.
1050 4192 1062 4230 ⁴
1085 4191 1149 4260 Sed,
1166 4192 1204 4249 G.
