4050 5640
757 352 811 433 80
1040 353 1128 433 Vita
1157 351 1323 434 Haroldi
1347 353 1473 462 Regis.

754 562 902 663 eliquia
918 560 955 638 in
973 563 1095 639 multis
1111 562 1160 637 rei
1178 562 1305 638 veritas
1322 560 1500 639 universos
1515 587 1604 662 pene
1621 558 1758 638 diucius

755 674 871 751 latuit.
923 674 1024 748 Hinc
1041 675 1163 750 odium
1181 674 1325 775 persone
1343 732 1351 751 .
1370 673 1428 750 seu
1445 673 1543 749 favor
1559 672 1757 750 benevolis:

755 784 1013 863 commentandi
1048 787 1140 862 bona
1170 788 1368 864 malevolis:
1406 786 1561 863 similiter
1592 788 1686 863 male
1710 788 1759 865 de

755 898 896 974 incertis
943 900 1167 1002 configendi:
1211 900 1354 974 liberam
1402 899 1587 973 videbatur
1637 898 1759 974 ceffiffe

755 1013 969 1088 facultatem.
1049 1013 1136 1087 Hiis
1178 1013 1438 1088 facundissimus
1476 1012 1679 1113 astipulatur
1720 1012 1757 1087 in

755 1127 903 1200 cronicis
921 1125 989 1200 suis
1013 1126 1253 1200 Meldunensrs
1279 1123 1496 1199 erlelmus1
1512 1123 1759 1224 promittitque

755 1238 788 1313 se
811 1238 966 1312 medium
998 1238 1090 1311 inter
1117 1238 1387 1344 obtreerancium
1406 1295 1415 1312 .
1434 1263 1570 1311 necnon
1596 1254 1633 1311 et
1662 1262 1760 1311 com-

755 1351 1000 1425 mendancium
1027 1369 1142 1451 partes
1168 1351 1386 1425 incessurum.
1439 1348 1658 1424 Crediderim
1674 1375 1759 1449 pro-
1817 1444 1830 1460 ·

755 1464 923 1539 culdubio
962 1462 1074 1564 ipsum
1113 1490 1178 1564 pro
1220 1463 1353 1538 viribus
1385 1463 1476 1538 veris
1510 1462 1662 1536 institisse
1695 1488 1758 1536 nec

750 1577 850 1679 justis
867 1576 1037 1676 preconiis
1055 1633 1064 1651 .
1084 1601 1146 1650 nec
1162 1575 1345 1676 vituperiis
1363 1634 1372 1650 .
1387 1574 1514 1649 debitis
1531 1572 1759 1675 negociorum

755 1688 880 1763 merita
896 1690 993 1762 ultro
1009 1687 1233 1763 defraudasse.
1285 1689 1418 1762 Verum
1441 1686 1525 1788 qiaia
1547 1686 1668 1761 audita
1684 1713 1758 1761 non

756 1800 865 1874 eciam
900 1798 968 1874 visa
1011 1799 1176 1875 scribebat
1219 1801 1448 1899 hystoriarum
1489 1800 1567 1901 lege
1609 1799 1758 1874 sudoris

756 1913 884 1987 veritas
905 1929 984 1986 tuta
1002 1914 1048 1987 est
1075 1912 1135 1986 ubi
1160 1913 1289 1987 veritas
1312 1939 1453 2013 quoque
1476 1911 1547 2011 ipsa
1564 1911 1756 2013 gestorum:

757 2028 993 2130 naufragatur.
1038 2030 1172 2116 ¹Alias:
1210 2056 1273 2104 nec
1298 2030 1359 2128 ipss
1386 2029 1564 2104 beatissimi
1594 2031 1760 2131 Evange-

756 2142 886 2215 liorum
915 2140 1098 2241 scriptores
1131 2143 1326 2243 periculum
1362 2141 1519 2217 falfitatis
1546 2141 1755 2243 effugerant.

754 2255 809 2329 Sic
825 2255 1015 2328 Salvatoris
1027 2272 1126 2355 pater
1135 2255 1263 2331 dicitur
1275 2253 1405 2354 Joseph
1422 2312 1431 2329 .
1450 2255 1493 2328 stc
1504 2253 1758 2355 discipulorum

754 2367 900 2466 quidam
917 2364 1042 2441 sratres
1057 2367 1134 2468 ejus
1151 2367 1356 2467 peculiarius
1368 2367 1491 2442 ceteris
1503 2366 1754 2443 nominantur.

755 2505 826 2553 non
843 2482 943 2579 quod
960 2505 1063 2554 verus
1081 2479 1137 2555 sed
1153 2481 1251 2580 quod
1277 2479 1458 2580 putativus
1475 2506 1535 2554 eos
1552 2497 1650 2580 pater
1666 2479 1758 2555 filios

754 2592 913 2666 habuerit
931 2620 1003 2667 non
1013 2592 1159 2692 quidem
1171 2594 1346 2667 naturales
1356 2591 1413 2667 sed
1424 2593 1546 2692 pocius
1556 2592 1755 2693 adoptivos.

673 2702 739 2752 ¹⁰¹·
754 2706 899 2779 Secutus
916 2704 1026 2807 igitur
1042 2704 1246 2804 opinionem
1263 2722 1298 2779 et
1315 2731 1400 2779 vero
1423 2705 1540 2779 minus
1556 2704 1707 2780 assuetus
1722 2721 1758 2779 et

755 2817 813 2892 iste
830 2819 929 2916 quod
945 2844 1030 2892 vero
1042 2816 1119 2917 jam
1136 2835 1232 2917 patet
1249 2815 1346 2891 fuisse
1363 2819 1585 2917 oppositum:
1619 2815 1757 2891 historie

754 2928 812 3003 sue
828 2930 1021 3029 quamlibet
1038 2929 1178 3004 veritati
1196 2955 1262 3029 pro
1278 2929 1411 3003 viribus
1428 2929 1546 3005 innixe
1558 2928 1758 3031 agnoscitur

754 3042 923 3118 indidisse.
976 3043 1144 3116 Ceterum
1162 3041 1198 3114 in
1216 3041 1292 3115 aliis
1310 3069 1379 3142 que
1396 3042 1440 3117 de
1453 3043 1587 3117 meritis
1600 3042 1756 3119 Haroldi

755 3160 810 3232 vel
829 3158 985 3232 moribus
1002 3175 1108 3258 prout
1126 3157 1264 3231 animus
1281 3157 1365 3232 tulit
1390 3176 1451 3232 aut
1477 3156 1570 3232 fama
1595 3158 1758 3261 suggessit

754 3296 861 3344 aureo
901 3296 994 3344 nunc
1035 3297 1120 3344 vero
1162 3271 1260 3369 picco
1303 3288 1560 3345 commentatus
1600 3272 1649 3346 est
1683 3271 1759 3345 stilo

754 3383 909 3457 venalius
926 3382 1014 3456 sorte
1031 3382 1277 3457 exorbitaverit
1294 3409 1314 3456 a
1330 3384 1468 3457 tramite
1485 3384 1557 3457 veri
1581 3384 1618 3459 in
1644 3383 1757 3485 ipsum

755 3520 838 3569 vero
851 3493 1027 3568 Christum
1040 3495 1186 3569 Domini
1209 3496 1466 3570 trunculencius
1482 3496 1640 3596 deliquit.
1668 3498 1759 3571 Tres

754 3608 848 3681 enim
873 3608 1006 3680 lanceas
1035 3607 1072 3680 in
1102 3605 1214 3706 ipsum
1240 3608 1414 3684 violentus
1444 3608 1577 3682 intorsit
1601 3609 1758 3708 .quibus

755 3745 826 3794 non
860 3736 933 3792 tam
976 3719 1068 3793 illius
1102 3717 1282 3818 personam
1317 3745 1422 3820 quam
1465 3719 1573 3820 ipsam
1607 3722 1757 3822 contigit

794 3899 806 3940 ¹
821 3901 889 3961 The
899 3901 1029 3961 hislorian
1037 3900 1163 3960 erliam
1172 3900 1411 3979 osMalmesbury.
1436 3901 1504 3960 The
1514 3901 1633 3979 passages
1644 3901 1757 3962 alluded

674 4000 676 4004 ⁴
755 3997 786 4041 to
807 4002 854 4041 are
879 3981 973 4041 inhia
1004 3982 1083 4057 δῴη
1110 3983 1220 4058 Regum,
1248 3982 1293 4041 ed.
1322 3981 1431 4059 Hardy,
1462 3981 1575 4059 English
1606 3982 1757 4044 Historical

755 4062 875 4141 society,
891 4082 907 4121 2
923 4063 998 4134 vols„
1014 4063 1076 4134 svo,
1086 4083 1139 4148 pp.
1155 4078 1223 4140 339,
1238 4065 1378 4148 383-385,
1391 4063 1535 4142 408-420.
