4050 5640
764 481 815 560 26
1045 483 1134 562 Vita
1164 483 1326 564 Horoldi
1351 485 1479 593 Regis.

757 699 911 800 justicie:
939 700 1043 772 Cruci
1073 698 1263 773 consecrata
1292 701 1446 775 donavit.
1499 703 1661 797 Quorum
1689 716 1761 772 tam

763 813 883 885 multis
907 812 943 884 in
968 812 1070 885 rebus
1092 812 1280 885 mobilibus
1303 814 1353 887 illi
1380 812 1518 887 sublatis
1543 839 1763 913 quecumque

764 926 800 997 in
818 926 916 998 terris
935 981 943 998 .
962 941 997 998 et
1013 925 1119 998 villis1
1148 926 1214 999 sive
1239 927 1381 1000 ecclesus
1406 925 1546 1026 aliisque
1571 925 1764 1001 redditibus

763 1040 841 1112 loco
874 1037 1052 1138 allignavit
1082 1037 1247 1112 haetenus
1270 1039 1338 1113 sme
1367 1039 1604 1114 diminucione
1638 1063 1764 1138 magna

764 1178 835 1225 non
863 1168 1015 1224 attamen
1042 1151 1110 1224 sme
1135 1152 1230 1225 nulla
1255 1168 1296 1225 ut
1325 1151 1452 1227 dicitur
1481 1152 1647 1251 pollidere
1666 1151 1764 1225 vide-

763 1283 833 1340 tur.
876 1266 1013 1338 Statum
1037 1290 1121 1338 vero
1148 1265 1282 1339 ecclesie
1305 1264 1573 1338 Walthamensrs
1598 1290 1659 1364 per
1683 1263 1762 1339 dive

764 1377 1014 1453 recordacionis
1030 1402 1148 1477 regem
1175 1377 1375 1453 Henricum
1400 1375 1588 1452 secundum
1611 1376 1649 1449 in
1672 1375 1764 1476 opti-

765 1517 864 1564 mum
898 1489 1020 1564 nostris
1049 1491 1157 1564 modo
1190 1490 1406 1589 temporibus
1439 1490 1588 1590 gradum
1605 1488 1765 1564 videmus

765 1601 1020 1677 reformaturus
1069 1603 1236 1676 Canonici
1272 1628 1422 1702 namque
1456 1601 1519 1676 sub
1552 1602 1665 1702 rigida
1694 1657 1702 1676 .
1729 1618 1765 1676 et

766 1715 1004 1817 disciplinabili
1056 1715 1176 1814 regula
1227 1715 1449 1790 ecclesiasticis
1498 1715 1653 1789 excubiis
1704 1740 1766 1814 per

767 1830 971 1904 Haroldum
1009 1829 1194 1928 mancipati
1229 1829 1274 1902 ad
1307 1827 1468 1902 secularia
1501 1826 1618 1901 sensrm
1652 1832 1764 1900 tractu

767 1941 934 2040 temporis
944 1941 1023 2040 plus
1034 1966 1128 2041 equo
1140 1941 1295 2016 devoluti
1314 1939 1406 2014 sacro
1418 1940 1541 2014 canoni
1555 1940 1767 2039 pretulerant

767 2054 957 2128 vanitatem
970 2051 1082 2127 seculi.
1119 2053 1261 2127 Nomen
1272 2052 1365 2126 enim
1377 2053 1551 2127 trabentes
1563 2054 1607 2128 de
1616 2071 1767 2154 utroque

770 2167 881 2242 seculo
914 2167 1074 2242 videlicet
1101 2184 1137 2240 et
1170 2192 1320 2242 canone:
1346 2164 1504 2265 perverso
1538 2167 1659 2241 ordine
1692 2192 1766 2239 rem

769 2279 921 2354 nominis
952 2278 1187 2355 dimidiavere.
1239 2278 1452 2354 Secundum³
1486 2304 1637 2378 namque
1671 2276 1770 2378 spiri-

769 2410 882 2466 tantes
898 2408 933 2466 et
951 2417 1118 2466 canonem
1145 2389 1340 2491 spernentes
1359 2448 1367 2465 .
1386 2391 1492 2493 hujus
1519 2389 1600 2465 scita
1624 2407 1660 2465 et
1676 2391 1769 2465 illius

770 2505 1038 2579 oblectamenta:
1064 2505 1161 2578 lance
1185 2503 1356 2577 librabant
1383 2504 1499 2578 minus
1523 2530 1614 2604 equa
1641 2560 1650 2577 .
1674 2504 1769 2578 unde

770 2617 973 2718 posthabitis
1004 2616 1132 2692 divinis
1165 2617 1285 2690 officiis
1318 2614 1556 2717 spaciabantur
1588 2616 1625 2689 in
1658 2614 1771 2688 triviis

771 2731 914 2806 mundi:
940 2730 1069 2830 quibus
1101 2728 1307 2805 versandum
1340 2747 1412 2803 erat
1446 2730 1483 2803 in
1516 2729 1611 2803 atriis
1644 2730 1771 2805 domus

771 2844 929 2918 Domini.
982 2843 1122 2938 Quibus
1138 2844 1282 2918 demum
1305 2841 1366 2941 pio
1390 2843 1481 2943 regis
1500 2841 1577 2943 jam
1594 2840 1675 2917 diui
1692 2841 1771 2914 zelo

771 2956 853 3032 inde
896 2957 1022 3030 amotis
1065 2955 1281 3056 regularibus
1325 2954 1499 3028 canonicis
1539 2955 1636 3030 locus
1677 2952 1771 3029 idem

769 3070 935 3143 nobiliter
958 3068 1149 3169 insignitur.
1201 3067 1275 3165 Qui
1292 3068 1407 3142 Greco
1424 3067 1510 3141 bene
1528 3067 1650 3141 canoni
1668 3093 1774 3166 regu·

772 3183 842 3255 lam
864 3181 1054 3282 jungentes
1081 3180 1245 3254 Latinam
1274 3235 1282 3253 .
1311 3179 1353 3253 src
1378 3181 1516 3280 gemine
1543 3180 1639 3253 vocis
1663 3197 1699 3253 et
1723 3178 1772 3252 rei

772 3293 933 3392 srmplicis
955 3293 1122 3367 virtutem
1146 3294 1299 3368 vivendo
1320 3293 1483 3366 teneunt⁴
1502 3348 1510 3366 .
1529 3293 1627 3392 quod
1652 3291 1774 3366 Grecis

768 3404 850 3506 jure
880 3424 915 3480 et
946 3406 1083 3480 Latinis
1105 3407 1256 3479 maxime
1272 3405 1488 3479 veneracioni
1513 3405 1578 3479 elle
1595 3404 1771 3480 deberent.

774 3519 1045 3593 HosHenricus
1053 3519 1198 3593 officinis
1210 3519 1423 3620 regularibus
1434 3518 1661 3592 venustissime
1671 3519 1776 3593 deco-

773 3632 878 3706 ravit:
906 3630 954 3705 set
971 3630 1372 3707 Haroldusredditibus⁵
1390 3631 1578 3706 necessariis
1589 3631 1775 3731 gratiffime

815 3805 827 3846 ¹
848 3807 912 3877 H.;
932 3822 961 3867 et
975 3809 1056 3880 villis,
1070 3807 1199 3880 omitted,
1215 3807 1303 3867 ΜΕ.

814 3883 923 3947 ’This
943 3889 1050 3966 passage
1075 3889 1178 3967 clearly
1196 3889 1330 3948 indicates
1353 3888 1415 3946 that
1435 3889 1484 3946 the
1506 3888 1619 3966 present
1640 3901 1701 3946 text
1720 3907 1776 3945 vm

774 3969 887 4028 written
900 3969 974 4028 after
987 3971 1036 4028 the
1051 3969 1137 4028 death
1150 3971 1186 4029 of
1196 3969 1274 4046 King
1288 3970 1390 4047 Henry
1404 3970 1454 4040 IL,
1468 3966 1488 4026 6
1501 3968 1574 4046 July,
1589 3988 1645 4027 no.
1664 3970 1749 4044 1189.

815 4048 828 4088 ⁸
850 4049 897 4108 sic
912 4048 978 4108 MS.
993 4049 1079 4109 scdffi
1100 4051 1144 4110 for
1158 4049 1255 4120 Sclffi3
1276 4051 1345 4108 with
1366 4070 1383 4109 a
1402 4049 1537 4126 margiml
1557 4063 1623 4108 note
1640 4048 1775 4116 Seculare,-

777 4130 919 4200 Seculum,
935 4131 1021 4190 ΜΩ.

817 4211 830 4252 ⁴
851 4210 940 4271 M.G.
950 4235 961 4283 ς
982 4226 1089 4282 tenent,
1105 4212 1144 4272 G.
1266 4211 1280 4254 ⁶
1301 4211 1412 4283 H.M.;
1433 4211 1576 4281 reditibus,
1595 4210 1634 4270 G.
