4050 5640
773 480 824 533 20
1055 452 1143 532 Vita
1173 449 1336 531 Haroldi
1361 450 1488 559 Regis.

770 662 895 763 sequiis
912 664 1005 736 hunc
1020 661 1167 737 infistere
1186 721 1194 736 .
1214 680 1410 761 votumque
1423 661 1474 735 illi
1488 689 1615 738 vovere
1634 723 1642 739 .
1662 688 1768 766 prout

769 777 827 849 fibi
846 776 988 850 distaret
1007 776 1143 850 interna
1160 776 1325 851 devocio:
1352 775 1533 849 salubriter
1549 781 1766 856 adhortatur.

769 889 979 989 Languidus
1012 915 1097 962 vero
1130 888 1249 962 salutis
1283 887 1462 962 confilium
1496 887 1579 963 sano
1615 898 1768 995 percepit

767 1002 886 1074 animo
905 1058 913 1075 .
933 1001 1115 1100 mittitque
1135 1001 1273 1075 concito
1297 1003 1340 1075 ad
1364 1001 1481 1074 locum
1502 1002 1561 1076 ubi
1588 1030 1673 1080 crux
1696 1010 1769 1083 vir-

767 1113 866 1188 tuosa
892 1113 1035 1188 celebris
1063 1113 1233 1189 radiabat:
1267 1112 1427 1186 exennia¹
1456 1113 1625 1215 ingencia,
1677 1122 1768 1221 Sup-

767 1227 873 1325 plicat
902 1227 1065 1302 obnixius
1095 1226 1161 1301 loci
1192 1226 1389 1300 custodibus
1416 1226 1573 1302 salutaris
1599 1231 1766 1308 nimirum

766 1338 851 1439 figni
878 1340 1086 1439 peculiarius
1113 1339 1225 1413 cultui
1261 1338 1466 1437 mancipatis
1493 1343 1696 1440 ‚quatinus
1729 1367 1765 1421 et

765 1452 952 1525 criminum
982 1453 1121 1526 veniam
1144 1469 1179 1525 et
1202 1454 1366 1526 dolorum
1393 1453 1552 1525 levamen
1586 1457 1767 1559 utriusque

764 1563 926 1638 videlicet
950 1564 1103 1638 hominis
1126 1562 1324 1663 sospitatem
1342 1562 1468 1638 sedulis
1490 1565 1549 1637 fibi
1573 1567 1766 1669 dignentur

764 1675 924 1774 precibus
951 1674 1140 1774 optinere.²
1201 1677 1278 1748 Nec
1311 1675 1425 1750 defuit
1455 1676 1492 1748 in
1519 1678 1667 1779 longum
1696 1687 1766 1758 ele-

764 1787 897 1860 mencia
913 1786 1093 1860 salvatoris
1117 1787 1261 1860 salutem
1287 1786 1356 1862 ase
1377 1789 1445 1861 fide
1463 1815 1535 1862 non
1552 1792 1628 1865 ficu
1646 1796 1765 1893 postu-

763 1899 861 1973 lanti.
915 1901 1009 1973 Mox
1031 1899 1161 1972 etenim
1191 1900 1294 1973 dolor
1317 1926 1399 1972 cum
1424 1902 1593 2001 languore
1610 1907 1764 1984 decrevit

762 2036 782 2083 a
805 2036 950 2110 corpore
977 2037 1076 2084 amor
1106 2035 1190 2084 vero
1213 2037 1294 2084 cum
1319 2012 1511 2086 devocione
1538 2015 1626 2089 circa
1654 2017 1763 2096 sande

763 2123 873 2196 crucis
910 2122 1114 2223 obsequium
1151 2124 1227 2224 jam
1267 2124 1515 2199 convalescenti
1559 2129 1764 2209 mirabiliter

762 2235 929 2310 crescebat
955 2236 992 2309 in
1018 2254 1146 2310 mente.
1199 2237 1241 2309 In
1264 2235 1361 2309 brevi
1387 2237 1554 2337 siquidem
1572 2244 1763 2340 plenissime

761 2349 920 2424 redditus
944 2348 1096 2448 sospitati
1126 2406 1135 2422 .
1164 2367 1339 2450 quantum
1373 2350 1543 2425 medicine
1567 2357 1653 2454 qua³
1678 2387 1763 2434 con-

759 2463 917 2535 valuerat
951 2461 1106 2536 extiterit
1144 2463 1313 2536 devotus:
1349 2463 1571 2563 magnificus⁴
1600 2495 1762 2572 compro

757 2573 855 2647 bavit
865 2599 1011 2673 operum
1021 2573 1253 2648 documentis.
1280 2575 1433 2647 Veniens
1445 2576 1539 2649 enim
1552 2579 1597 2652 ad
1615 2581 1762 2661 sanetam

758 2713 896 2761 crucem
929 2685 1218 2760 Waltamensem⁶
1261 2685 1422 2760 salutaria
1466 2691 1656 2768 curacionis
1703 2697 1762 2773 sue

757 2819 841 2874 vota
872 2799 1036 2901 persolvit
1071 2799 1215 2876 donaria
1240 2800 1371 2874 obtulit
1398 2803 1549 2900 preciosa
1568 2864 1576 2881 .
1596 2809 1761 2889 ministris

758 2913 910 3012 plurima
943 2912 1091 3013 largitus
1124 2912 1172 2986 est
1204 2969 1212 2986 .
1245 2910 1277 2984 se
1312 2911 1425 3010 ipsum
1459 2916 1609 3014 gloriose
1651 2928 1761 3001 crucis

758 3026 870 3098 tutele
900 3025 1148 3098 commendans
1166 3080 1175 3098 .
1195 3025 1352 3123 hancque
1381 3024 1562 3102 sublimius
1589 3034 1760 3113 honorare

757 3137 963 3236 disponens:
992 3138 1084 3209 letus
1103 3136 1264 3209 tandem⁶
1281 3163 1301 3208 a
1318 3137 1397 3209 loco
1416 3195 1424 3212 .
1445 3166 1516 3212 non
1540 3147 1644 3220 corde
1667 3175 1759 3225 rece-

757 3250 844 3323 dens
867 3248 924 3322 sed
942 3274 1106 3345 corpore:
1135 3248 1282 3322 domino
1300 3249 1388 3348 Regi
1412 3268 1447 3324 et
1466 3250 1572 3327 sorori
1591 3260 1710 3360 regine
1728 3264 1759 3339 se

758 3360 975 3435 incolumenl
1002 3358 1222 3459 presentavit.
1276 3362 1554 3461 Congratulatur
1579 3367 1677 3445 fratri
1704 3402 1760 3449 re-

756 3474 840 3575 gina
859 3533 867 3548 .
886 3500 946 3548 rex
973 3473 1078 3547 militi
1106 3475 1323 3573 congaudet:
1351 3475 1509 3552 universa
1535 3481 1633 3557 simul
1664 3491 1758 3563 curia

756 3587 975 3661 exultacione
1000 3585 1119 3661 festiva
1150 3587 1298 3664 letaturl
1349 3587 1426 3660 Nec
1451 3590 1534 3688 quia
1556 3601 1756 3676 convaluit.

756 3699 805 3773 set
823 3700 906 3799 quia
919 3699 1043 3772 celitus
1061 3717 1234 3798 receperat
1249 3697 1449 3777 sanitatem:
1476 3730 1597 3780 omnes
1613 3712 1757 3808 quidem

792 3911 804 3951 ¹
826 3908 932 3979 H.M.;
953 3907 1062 3977 exenia,
1076 3907 1115 3966 G.

793 3991 807 4030 s
827 3990 935 4060 1-1,M.;
955 3988 1093 4058 obtinere,
1109 3988 1148 4046 G.
1229 3986 1242 4026 ⁸
1264 3987 1320 4057 Ha
1335 4009 1429 4066 quam,
1443 3992 1502 4061 M.;
1517 3995 1595 4076 [per]
1609 4022 1704 4079 quam,
1716 4006 1754 4066 G.

792 4073 805 4112 4
826 4071 935 4139 Η,Μ,;
956 4068 1117 4144 magnificis,
1132 4069 1171 4126 G.
1230 4068 1243 4108 ⁶
1264 4068 1370 4137 H.M.;
1385 4070 1645 4150 Walthamicnscm,
1657 4084 1696 4142 G.

793 4152 807 4192 e
827 4152 886 4220 Hg
908 4165 1011 4220 tamen,
1028 4148 1114 4208 ΜΩ.
1229 4148 1241 4188 l
1263 4149 1322 4219 H.;
1344 4150 1524 4228 incolumem,
1541 4159 1626 4220 M.G.
