3938 5610
515 390 561 473 18
792 389 881 469 Vita
911 385 1075 467 Haroldi
1100 385 1226 494 Regis.

508 615 544 672 et
561 599 655 699 quasi
673 615 885 671 emortuum.
939 597 1124 669 Haroldus
1150 597 1212 668 hac
1238 609 1381 693 repente
1397 599 1510 667 taetus

508 737 547 784 ac
572 709 790 810 prostractus¹
818 709 997 800 molestia;
1024 734 1105 782 cum
1131 707 1253 781 ceteris
1276 708 1356 780 esset
1380 707 1508 779 merori

507 823 604 897 tum²
637 821 816 922 presertim
844 821 937 922 regi:
981 823 1022 894 sit
1050 820 1205 919 precipui
1236 818 1333 893 causa
1362 819 1506 893 doloris.

508 936 621 1010 Hunc
643 936 738 1009 enim
754 937 853 1009 velut
870 936 1026 1033 quodam
1051 932 1207 1033 presagio
1224 931 1428 1006 futurorum
1445 958 1508 1031 pre

506 1049 629 1123 ceteris
669 1074 788 1122 carum
825 1047 947 1121 habuit
983 1065 1018 1120 et
1051 1046 1242 1136 dilestum3
1279 1071 1360 1118 cum
1395 1044 1509 1144 stirpis

422 1246 431 1263 .
506 1161 601 1235 illius
634 1160 803 1261 quosdam
831 1158 999 1257 suspectos
1029 1157 1181 1231 habuisse
1207 1158 1344 1232 dicatur
1373 1157 1509 1256 aliqua-

505 1292 608 1347 tenus
625 1292 660 1347 et
678 1272 817 1347 invisos.
870 1273 980 1368 Quod
1006 1270 1064 1343 sibi
1088 1296 1194 1370 penes
1211 1296 1329 1372 regem
1347 1268 1507 1343 sanctissi-

505 1412 604 1460 mum
626 1385 829 1461 dileccionis
852 1402 887 1457 et
908 1384 1023 1485 gracie
1050 1383 1277 1484 privilegium
1300 1409 1372 1456 non
1396 1383 1507 1456 affini-

504 1498 587 1571 tatis
611 1499 805 1599 quamlibet
828 1513 930 1597 grata
951 1495 1196 1596 propinquitas
1223 1522 1295 1569 non
1323 1496 1508 1595 probitatis

504 1637 577 1683 non
605 1610 770 1685 industrie
794 1607 974 1708 singularis
996 1607 1126 1707 quibus
1143 1627 1216 1681 erat
1239 1608 1397 1708 preditus
1420 1608 1507 1681 emi·

504 1721 648 1814 nentia;
692 1722 803 1794 immo
831 1719 900 1793 sola
935 1719 1065 1793 celestis
1099 1719 1281 1819 inspiracio
1314 1720 1507 1794 conciliasse

503 1833 691 1907 estimatur.
745 1833 930 1907 Probabile
953 1832 1047 1905 enim
1070 1831 1150 1905 satis
1173 1833 1279 1907 estad
1297 1833 1446 1933 gloriam
1467 1832 1505 1906 in

501 1946 566 2019 hac
578 1964 677 2044 parte
687 1946 842 2020 Haroldi
856 1945 940 2045 quia
950 1945 1005 2017 vir
1021 1947 1101 2018 Deo
1118 1947 1244 2043 plenus
1255 2002 1263 2018 .
1275 1944 1457 2044 divinique
1467 1944 1505 2018 in

503 2059 626 2133 multis
651 2058 781 2133 consilii
800 2084 872 2131 non
890 2057 1033 2159 ignarus
1054 2083 1096 2131 eo
1114 2056 1374 2157 indulgencius⁸
1391 2057 1505 2156 ipsum

502 2174 668 2247 amaverit
687 2200 760 2274 quo
777 2190 987 2273 perpetuum
1004 2172 1041 2245 in
1059 2171 1142 2245 celis
1159 2173 1280 2271 pocius
1297 2173 1504 2248 coheredem

502 2311 610 2386 quam
640 2286 677 2360 in
707 2286 809 2359 terris
839 2285 897 2358 fibi
928 2283 1091 2359 futurum
1116 2285 1319 2384 previdebat
1345 2311 1506 2359 momen-

502 2415 647 2471 taneum
671 2398 901 2472 successorem.
953 2396 1084 2471 Diresti
1107 2397 1216 2496 igitur
1238 2397 1330 2498 regis
1353 2424 1373 2470 a
1397 2398 1506 2472 latere

502 2511 640 2601 medici,
667 2538 802 2585 necnon
831 2509 947 2584 etalii
972 2528 1078 2610 atque
1108 2509 1165 2582 alii
1194 2536 1294 2608 prece
1318 2511 1506 2612 precioque

502 2623 683 2699 hincinde
708 2623 819 2698 allecti
839 2680 847 2698 .
866 2641 1030 2724 egrotum
1052 2622 1224 2712 ambiunt,
1250 2625 1349 2722 quod
1368 2649 1422 2696 ars
1446 2622 1504 2697 seu

502 2724 698 2837 conjectura
729 2736 882 2838 suggerit
913 2734 1089 2808 exierunt*
1114 2792 1123 2810 .
1150 2734 1207 2809 sed
1237 2734 1505 2835 Omnipotentis

502 2876 647 2925 manum
677 2850 768 2923 vires
794 2849 980 2924 hominum
1007 2849 1221 2924 ammovere⁶
1249 2876 1321 2923 non
1351 2851 1503 2949 possunt.

504 2963 669 3037 Pervenit
687 2961 780 3036 sama
796 2962 927 3036 tristior
943 2964 987 3036 ad
1013 2989 1112 3036 aures
1129 2964 1411 3037 Alemannorum
1437 2962 1504 3035 im-

502 3074 672 3174 peratoris
698 3131 706 3149 .
731 3075 793 3175 qui
833 3073 907 3174 regi
938 3075 1143 3175 Anglorum
1179 3074 1345 3148 affinitate
1385 3075 1504 3173 proxi-

501 3212 615 3260 mus.
641 3187 830 3262 dileccione
855 3203 890 3259 et
921 3185 1073 3259 amicicia
1099 3204 1171 3260 erat
1198 3186 1502 3287 conjuneciffimus.

502 3298 604 3373 Huic
644 3299 799 3375 medicus
835 3298 980 3400 quidam
1013 3299 1154 3372 nomine
1187 3300 1357 3376 Ailardus
1401 3299 1504 3374 sami-

501 3410 596 3485 liaris
623 3429 696 3486 erat
723 3469 732 3487 .
757 3437 865 3512 quem
890 3428 925 3484 et
951 3410 1035 3483 artis
1060 3410 1118 3484 sue
1140 3415 1272 3511 duplex
1297 3412 1501 3487 exercicium

501 3524 628 3624 pericia
653 3542 689 3597 et
724 3524 938 3624 experiencia
963 3525 1077 3597 multa
1110 3525 1276 3599 reddebat
1310 3525 1506 3625 probatissi-

500 3663 627 3711 mum.
648 3654 682 3710 et
712 3637 811 3736 quod
841 3635 952 3735 pluris
979 3635 1026 3708 est
1058 3635 1158 3709 favor
1184 3636 1325 3712 divinus
1355 3637 1392 3711 in
1422 3665 1504 3738 pro

500 3751 652 3824 curanda
665 3748 826 3849 sospitate
839 3747 1106 3850 languencium:
1125 3748 1283 3823 exhibuit
1296 3749 1501 3852 graciosum.

538 3935 551 3976 ¹
572 3936 679 4007 H.M.;
700 3938 857 4015 prostratus,
872 3937 911 3996 G.

538 4017 551 4057 ²
571 4018 631 4089 H.;
645 4033 753 4089 tantun,
769 4018 834 4088 M.;
848 4032 967 4088 tantum,
983 4018 1023 4077 G.
1083 4016 1096 4056 ⁸
1118 4018 1229 4087 H.M.;
1243 4018 1412 4096 diligentius,
1427 4019 1467 4079 G.

537 4099 551 4138 ⁴
571 4099 680 4169 H.M.;
700 4099 855 4170 excierunt,
871 4098 911 4158 G.
1083 4099 1096 4137 ⁶
1116 4099 1226 4169 H.M.;
1247 4120 1387 4172 amovere,
1401 4100 1440 4159 G.
