4050 5640
512 482 563 558 42
796 455 885 535 Vita
915 455 1079 535 Haroldi
1103 457 1230 564 Regis.

511 663 667 763 spiritus:
686 664 800 736 anima
813 665 1009 738 delectatur.
1053 664 1222 760 Quatitur
1232 662 1381 762 suspiriis
1394 670 1514 763 pedus

511 775 688 850 hanelum1
721 834 729 849 .
760 778 858 875 quod
889 777 984 875 prius
1014 776 1209 851 tumidum:
1247 775 1393 874 spirabat
1421 779 1513 852 cedis

510 889 622 962 minas
661 889 851 962 intonabat.
917 891 1050 961 Rorant
1093 888 1225 961 lumina
1262 889 1372 962 imbre
1413 890 1514 962 lacri-

510 1028 657 1075 marum.
711 1000 936 1075 Fulmineum
967 1002 1134 1101 quiddam
1163 1001 1377 1101 indignantis
1406 1002 1511 1075 animi

511 1133 599 1187 nutu
617 1115 652 1187 in
671 1116 805 1187 emulos
822 1113 982 1187 consueta
999 1113 1144 1188 vibrare.
1197 1113 1260 1187 Nil
1279 1114 1356 1215 jam
1382 1115 1512 1188 elatum

510 1227 719 1318 cervicosum
738 1227 843 1299 nichil
865 1245 925 1299 aut
941 1228 1179 1326 truculentum
1197 1254 1236 1300 os
1254 1226 1430 1326 supercilia
1449 1285 1457 1300 .
1477 1246 1511 1300 et

510 1341 624 1412 cervix
638 1340 897 1438 pretendebant.
939 1339 1112 1413 Modestia
1125 1339 1287 1412 incessum
1302 1339 1390 1440 regit
1404 1340 1512 1438 pietas

508 1452 691 1524 animum.
711 1451 871 1525 affedtus:
891 1452 1022 1550 puritas
1040 1452 1098 1525 srbi
1116 1451 1281 1527 defendit.
1327 1452 1511 1525 lnteriores

509 1590 650 1663 quoque
678 1582 795 1636 motus
822 1580 856 1637 et
885 1565 1090 1638 exteriores:
1129 1564 1284 1637 honestas
1309 1562 1509 1637 informat.

509 1674 666 1748 sanctitas
689 1676 724 1747 in
750 1674 823 1748 suas
848 1693 960 1774 partes
978 1677 1094 1750 omnia
1112 1676 1186 1777 ejus
1203 1677 1350 1749 assumit.
1401 1677 1511 1751 Vide·

508 1805 567 1861 tur
595 1787 670 1887 jam
701 1788 760 1861 sibi
796 1789 978 1863 Haroldus
1008 1788 1109 1862 solito
1143 1788 1273 1862 felicius
1303 1791 1470 1888 imperare
1499 1848 1508 1863 .

508 1927 650 2001 regnare
669 1900 847 1975 sublimius
860 1902 974 1975 tucius
986 1921 1020 1975 et
1035 1902 1155 1976 utilius
1173 1903 1330 1977 militare.
1370 1906 1509 1979 Gaudet

508 2012 539 2086 se
550 2014 593 2085 ab
605 2013 804 2086 hominibus
816 2014 948 2087 vietum
961 2073 969 2089 .
983 2016 1070 2089 dum
1082 2017 1254 2089 mundum
1266 2018 1353 2091 dum
1364 2015 1510 2115 seipsum

506 2125 697 2200 vincendo:
723 2127 835 2200 vidus
852 2153 993 2227 quoque
1016 2127 1141 2201 melius
1157 2131 1201 2203 de
1218 2129 1370 2202 Diabolo
1387 2129 1509 2203 didicit

506 2237 731 2338 triumphare.

567 2402 578 2441 ¹
600 2403 641 2462 H.
655 2428 665 2472 3
687 2405 807 2481 Quantis
821 2425 840 2464 a.
856 2425 883 2482 p.
900 2405 1023 2475 anhelat,
1040 2405 1086 2463 M.
1100 2429 1109 2474 ς
1131 2427 1157 2484 q.
1174 2427 1193 2466 s.
1209 2426 1236 2483 p.
1253 2408 1398 2477 anhelum,
1413 2407 1451 2468 G.
