3938 5610
417 277 471 378 64
700 272 789 351 Vita
820 270 982 351 Haroldi
1008 268 1135 378 Regis.

415 502 534 556 autem
565 481 672 554 invisa
702 482 918 579 rependere.
938 480 1060 553 debuit
1088 480 1145 552 vel
1177 478 1417 577 pronunciare.

415 598 474 668 Set
493 620 607 693 neque
633 593 827 666 transitoria
845 611 879 665 et
907 595 1036 667 caduca
1054 593 1165 664 immo
1184 592 1308 664 stancia
1326 593 1419 665 bona

415 726 450 780 et
479 725 596 781 eterna
623 707 688 805 piis
714 706 837 805 prestat
864 723 899 778 et
923 706 1100 805 promittit
1118 704 1313 777 cultoribus
1330 723 1418 777 eter-

416 847 481 893 nus
500 877 508 893 .
527 837 563 892 et
593 819 805 891 invariabilis
834 822 933 893 Deus
963 844 1028 917 pro
1055 818 1124 891 suis
1152 817 1331 891 laboribus
1360 820 1417 891 vel

416 932 598 1032 obsequiis.
650 933 792 1006 Annuit
809 957 894 1030 ergo
911 932 1010 1006 dedit
1035 947 1071 1005 et
1088 931 1248 1004 concessit
1265 958 1325 1003 rex
1343 931 1417 1032 regi

415 1047 513 1146 quod
530 1046 634 1144 peciit
655 1101 663 1118 .
682 1063 718 1119 et
736 1045 759 1117 fi
776 1043 869 1118 sorte
895 1044 995 1118 aliter
1017 1062 1053 1117 et
1079 1044 1205 1117 melius
1230 1045 1418 1118 concedere

414 1159 539 1232 scivit.
566 1176 601 1232 et
631 1158 714 1232 dare
749 1158 865 1256 potuit
899 1174 1024 1255 utpote
1059 1155 1222 1257 celestis.
1249 1173 1416 1231 terren0.

415 1296 621 1369 permanens
638 1272 674 1343 in
691 1287 875 1344 eternum:
893 1271 938 1343 ad
954 1287 1072 1342 eterna
1089 1268 1286 1341 transituro.
1337 1269 1418 1342 Ab·

414 1385 507 1458 stulit
529 1402 647 1457 autem
673 1382 859 1456 umbratile
885 1407 1034 1481 regnum
1056 1382 1113 1455 cui
1130 1407 1253 1454 verum
1271 1379 1418 1456 servavit

413 1515 448 1570 et
474 1517 635 1569 eternum
666 1522 708 1567 ne
734 1493 827 1567 foret
854 1495 944 1568 illud
972 1493 1161 1568 transeunti
1187 1495 1231 1567 ad
1254 1493 1343 1569 istud
1360 1496 1416 1567 vel

414 1609 488 1681 leve
512 1609 815 1706 impedimentum.
868 1608 926 1680 Ne
944 1633 1029 1680 vero
1046 1607 1279 1708 cogitaciones
1301 1607 1419 1680 homi-

302 1719 304 1723 ’
415 1749 500 1795 num
528 1721 651 1794 timide
678 1745 831 1820 quorum
862 1738 898 1793 et
928 1721 1058 1794 incerte
1088 1719 1167 1793 sunt
1194 1719 1417 1818 providencie

413 1835 460 1909 ob
479 1834 712 1932 impendentis
729 1834 858 1907 molem
884 1832 1089 1907 discriminis
1106 1833 1299 1932 cogitarent
1318 1833 1416 1932 pium

414 1947 611 2022 Dominum
625 1946 789 2021 adversus
805 1948 978 2020 devotum
995 1944 1169 2019 famulum
1182 1947 1418 2046 cogitaciones

414 2079 554 2134 tantum
580 2059 741 2161 cogitasse
767 2059 965 2131 afflictionis
983 2115 991 2131 .
1010 2078 1046 2132 et
1069 2084 1142 2132 non
1168 2060 1276 2132 eciam
1303 2060 1415 2159 pacis:

415 2173 672 2247 immanitatem
689 2170 801 2244 futuri
814 2169 962 2244 scandali
982 2172 1161 2271 prevenire
1179 2173 1331 2246 decrevit
1350 2174 1419 2246 im-

417 2287 632 2360 mensitatem
658 2285 807 2384 premissi
828 2285 985 2358 miraculi
1005 2341 1013 2357 .
1032 2303 1142 2384 utque
1160 2289 1301 2360 tandem
1327 2287 1415 2360 hiisl

418 2401 523 2475 finem
554 2399 776 2496 imponamus
800 2397 928 2470 talibus
955 2398 1137 2471 clemencie
1167 2397 1225 2471 sue
1251 2398 1414 2475 indiciis.

417 2511 583 2587 dominus
599 2509 861 2586 dominancium
878 2528 912 2582 et
939 2509 1094 2583 instantis
1119 2511 1230 2612 glorie
1258 2569 1265 2585 .
1293 2528 1329 2584 et
1356 2540 1419 2587 ex-

418 2627 525 2699 tantis
542 2625 651 2725 gratie
670 2623 750 2696 sue2
775 2622 1088 2697 manifestationem
1116 2682 1123 2698 .
1152 2623 1302 2723 preferre
1320 2625 1417 2701 servo

418 2739 480 2813 suo
492 2739 658 2838 dignatus
670 2735 716 2808 est
729 2754 763 2808 et
781 2734 949 2809 conferre.
982 2737 1068 2808 Hiis
1080 2737 1231 2839 denique
1244 2738 1419 2814 beneficiis

417 2870 452 2926 et
479 2851 516 2923 in
535 2848 783 2948 persecucionis
809 2848 930 2921 nubilo
958 2867 994 2921 et
1023 2850 1058 2922 in
1085 2849 1285 2951 abjeetionis
1310 2854 1415 2928 lut0.

419 2963 643 3062 margaritam
661 2959 722 3033 suo
739 2958 953 3036 inserendam
971 2962 1159 3036 diademati
1176 2963 1341 3046 illustrem
1357 2993 1419 3040 ex.-

418 3075 533 3148 hibuit
550 3092 585 3146 et
604 3073 751 3147 ostendit
771 3130 778 3146 .
798 3071 932 3146 summa
955 3075 1101 3173 potestas
1119 3132 1128 3149 .
1147 3076 1283 3150 infinita
1308 3078 1419 3179 pietas

418 3185 578 3260 inaccessa
609 3184 799 3257 sublimitas
831 3241 838 3259 .
875 3185 1041 3285 sapiencie
1070 3245 1078 3261 .
1107 3189 1306 3263 clemencie⁸
1337 3248 1346 3263 .
1381 3211 1418 3265 et

417 3297 676 3398 magnificencie
702 3297 956 3396 omnipotentis
980 3300 1049 3372 Dei
1074 3301 1186 3374 Patris
1211 3319 1247 3375 et
1274 3303 1356 3377 Filii
1381 3324 1417 3379 et

417 3412 566 3511 Spiritus
579 3411 690 3482 sanai
705 3408 811 3483 solius
823 3428 859 3484 et
873 3412 977 3484 unius
987 3414 1078 3514 regis
1089 3412 1282 3488 seculorum
1295 3418 1416 3491 eterni.

416 3525 526 3622 Quod
544 3549 628 3595 vero
662 3524 706 3597 de
732 3550 863 3624 quercu
889 3544 1074 3624 opponunt
1100 3527 1157 3600 alii
1179 3528 1330 3602 viderint
1356 3531 1417 3628 ipsr

415 3639 476 3739 qui
495 3636 657 3710 silvestres
682 3693 689 3709 .
715 3652 750 3709 et
768 3635 854 3709 feras
870 3655 905 3710 et
923 3637 1062 3712 arbores
1079 3642 1201 3714 colunt
1219 3697 1227 3714 .
1247 3643 1308 3741 qui
1322 3643 1418 3743 ligna

415 3749 619 3825 insensibilia
638 3807 645 3823 .
665 3768 700 3823 et
712 3750 814 3821 bruta
826 3749 985 3823 animalia
1002 3752 1203 3826 hominibus
1220 3775 1342 3829 nature
1360 3756 1417 3830 sue

414 3863 630 3939 consortibus
656 3865 700 3938 ad
724 3863 924 3962 ymaginem
946 3866 1014 3938 Dei
1041 3863 1138 3939 fadis
1165 3885 1199 3940 et
1225 3871 1324 3966 quod
1350 3871 1418 3944 hiis

413 4024 423 4063 ι
447 4024 506 4093 H.;
529 4023 589 4098 piis,
606 4021 644 4079 G.
687 4021 702 4060 ²
720 4019 858 4079 Iudiciis.
881 4065 889 4080 .
912 4065 920 4080 .
942 4024 1028 4098 gratie
1045 4024 1099 4084 sue.
1141 4026 1236 4098 3Η.;
1258 4032 1362 4106 gratia,
1375 4034 1415 4093 G.
