3938 5610
763 453 852 532 Vita
882 450 1045 532 Horoldi
1069 453 1197 561 Regis.
1426 453 1450 532 ό
1457 480 1477 560 3

480 679 636 762 peterent
670 678 731 735 aut
767 662 998 760 intelligerent
1018 720 1026 735 .
1046 680 1152 760 caput
1183 662 1383 735 inclinando
1418 687 1480 735 rex

479 775 552 874 regi
579 774 610 847 se
636 774 821 848 ostenderit
848 775 1046 848 conceffilse.
1100 776 1158 848 Ne
1174 775 1270 849 enirn
1288 775 1480 873 prevaleret

477 913 621 962 erronea
639 887 812 960 vidorum
835 905 957 960 contra
983 886 1032 960 sui
1057 887 1226 960 victorem
1252 886 1480 960 existimacioz

479 1017 515 1074 et
541 1001 741 1074 crederetur
770 1026 919 1099 regnum
945 1000 1086 1073 amisrffe
1114 999 1175 1099 qui
1202 1000 1397 1093 Judeorum
1420 1024 1482 1072 rex

479 1112 660 1187 dicebatur
689 1112 754 1185 effe
781 1113 913 1186 acceffit
942 1112 1084 1212 presidis
1111 1111 1238 1185 litteris
1265 1111 1376 1187 indita
1403 1110 1482 1210 opi-

479 1224 595 1298 nionis
611 1224 792 1298 temerarie
809 1224 1027 1324 improbacio
1046 1282 1053 1298 .
1074 1224 1178 1322 capiti
1197 1224 1272 1324 jam
1291 1223 1479 1299 inclinato:

480 1337 587 1410 titulo
629 1335 814 1435 supposito.
880 1339 967 1411 Erat
1001 1336 1095 1409 enim
1139 1336 1304 1435 scriptum
1348 1336 1384 1408 in
1417 1361 1479 1409 eo:

481 1449 596 1545 Jesus1
616 1450 828 1522 Nazarenus
848 1476 907 1522 rex
927 1450 1128 1543 Judeorum.
1181 1449 1371 1522 Permansrt
1384 1447 1479 1521 enim

481 1588 562 1636 vere
575 1588 636 1636 rex
654 1620 662 1636 .
682 1562 738 1635 cui
765 1562 863 1660 plebs
885 1562 993 1661 impia
1018 1561 1101 1661 quia
1118 1587 1268 1661 regnum
1285 1560 1413 1634 invidit
1438 1577 1480 1634 ut

480 1675 557 1776 ejus
583 1693 689 1774 caput
717 1675 920 1749 inclinaret:
947 1691 983 1749 et
1009 1672 1122 1774 ipsum
1150 1674 1289 1748 occidit.
1341 1677 1395 1748 At
1421 1674 1480 1747 ille

482 1787 611 1887 pariter
636 1806 672 1861 et
695 1806 801 1887 caput
824 1787 1006 1860 inclinavit
1031 1805 1067 1860 et
1088 1786 1146 1860 fibi
1165 1785 1264 1886 regni
1282 1787 1479 1885 potenciam

482 1901 680 1975 vendicavit
710 1927 817 2001 quam
845 1898 877 1973 se
908 1900 1044 1999 plenius
1077 1899 1239 1998 accepill'e
1266 1898 1480 1988 convescens,

481 2031 585 2112 caput
616 2014 651 2086 in
686 2029 826 2086 tantum
860 2013 1065 2085 inclinatum
1099 2012 1201 2111 super
1233 2037 1356 2085 omnes
1389 2014 1481 2085 celos

481 2126 656 2199 exaltavit.
710 2128 829 2199 Nemo
856 2126 966 2226 igitur
991 2125 1160 2200 existimet
1188 2150 1317 2198 nomen
1345 2124 1481 2224 regium

480 2235 537 2311 seu
567 2238 699 2338 regiam
726 2239 801 2338 regi
828 2239 901 2312 οιιὶ2
924 2240 994 2312 tale
1021 2239 1156 2337 signum
1180 2237 1361 2337 prestitum
1389 2237 1437 2310 est
1461 2264 1481 2310 a

480 2376 561 2451 rege
588 2376 713 2449 regum
747 2352 908 2425 omnium
935 2409 943 2425 .
971 2351 1180 2451 dignitatem
1210 2349 1397 2450 deperisse:
1424 2352 1479 2423 vel

481 2463 563 2562 quia
580 2464 639 2536 srbi
658 2463 694 2537 in
712 2463 771 2538 sua
788 2466 952 2564 ymagine
978 2462 1136 2536 inclinari
1162 2462 1328 2562 dignatus
1347 2462 1405 2551 est,
1423 2464 1480 2536 vel

480 2575 563 2674 quia
579 2575 758 2650 visibiliter
780 2577 995 2675 triumphare
1020 2577 1064 2649 de
1091 2575 1243 2648 hostibus
1265 2575 1482 2648 imminenti-

481 2689 546 2764 bus
562 2690 605 2764 ab
628 2693 752 2766 eodem
777 2693 891 2767 eidem
916 2692 1114 2790 permissum
1138 2717 1210 2764 non
1235 2691 1291 2764 est.
1344 2691 1378 2762 Si
1396 2718 1481 2765 vero

480 2820 515 2877 et
545 2805 590 2877 ad
619 2830 768 2904 regnum
795 2805 894 2905 cujus
920 2804 978 2876 srbi
1000 2803 1201 2902 temporalis
1227 2804 1479 2876 administratio

480 2915 650 2991 divinitus
667 2919 794 2991 collata
812 2918 909 3016 prius
935 2917 981 2990 est
1000 2935 1036 2991 et
1057 2915 1224 3015 posterius
1240 2915 1355 2989 ablata
1373 2973 1382 2990 .
1402 2942 1481 3015 pre-

479 3025 613 3129 sagium
643 3048 716 3104 tam
747 3029 883 3103 insolite
912 3028 1054 3101 virtutis
1082 3027 1223 3101 duxerit
1248 3028 1328 3127 quis
1358 3044 1481 3101 exten-

479 3141 635 3215 dendum
668 3143 820 3242 Anglice
850 3141 1026 3216 felicitatis
1060 3142 1309 3240 depressionem
1345 3167 1479 3214 necnon

478 3271 514 3326 et
531 3254 700 3328 libertatis
716 3273 790 3327 tam
812 3255 895 3329 laice
913 3280 1021 3353 quarn
1037 3253 1248 3327 ecclesiastice
1266 3279 1338 3326 non
1355 3252 1481 3326 abnui-

478 3391 557 3439 mus
582 3369 826 3467 consrgnificari
854 3367 1017 3441 insulanis
1042 3366 1186 3441 extunc8
1205 3366 1284 3441 satis
1300 3384 1479 3466 expertam

478 3477 715 3578 dejectionem.
767 3481 1044 3579 Verumptamen
1070 3507 1113 3553 ex
1136 3480 1204 3554 hoc
1221 3479 1307 3553 servi
1325 3478 1374 3552 sui
1402 3505 1481 3578 pre-

479 3592 637 3691 rogative
654 3619 738 3665 crux
756 3590 866 3666 sancia
892 3593 1099 3693 prejudicari
1125 3618 1198 3666 non
1216 3592 1350 3691 patitur
1368 3648 1377 3665 .
1396 3592 1479 3691 quia

477 3718 513 3774 et
530 3703 700 3801 quiddam
718 3705 813 3778 aliud
840 3706 876 3778 id
902 3705 1001 3805 quod
1028 3729 1093 3802 pro
1110 3729 1153 3776 eo
1171 3703 1360 3802 specialiter
1377 3704 1476 3801 egit.

479 3814 716 3889 universaliter
732 3818 862 3916 signare
884 3818 1054 3890 concedit.
1099 3817 1207 3915 Ipsius
1224 3841 1349 3914 nempe
1367 3816 1480 3914 gemi-

477 3924 573 4000 tibus
589 3927 721 4025 pulsata
738 3946 774 4002 et
799 3931 950 4003 lacrimis
969 3987 977 4002 .
996 3928 1169 4030 obsequiis
1186 3926 1324 4026 insuper
1341 3928 1479 4025 magni-

478 4039 541 4112 fice
570 4038 758 4116 honorata:
799 4068 864 4140 pro
893 4043 1003 4141 gratis
1032 4043 1151 4115 officiis
1185 4041 1306 4113 votiva
1339 4040 1370 4113 ei
1406 4065 1477 4113 non

478 4176 487 4214 ¹
501 4177 577 4253 John
592 4179 649 4238 xix.
669 4197 713 4258 19.
755 4181 767 4219 ²
788 4182 853 4251 Cui,
869 4182 930 4251 H.;
952 4183 1080 4252 omitted,
1096 4181 1136 4240 G.
1177 4181 1191 4219 ³
1212 4180 1274 4250 H.;
1295 4197 1422 4250 extunc,
1438 4181 1477 4238 G.
