<?xml version="1.0" encoding="UTF-8"?>
<!DOCTYPE html PUBLIC "-//W3C//DTD XHTML 1.0 Transitional//EN"
    "http://www.w3.org/TR/xhtml1/DTD/xhtml1-transitional.dtd">
<html xmlns="http://www.w3.org/1999/xhtml" xml:lang="en" lang="en">
 <head>
  <title>
</title>
<meta http-equiv="Content-Type" content="text/html;charset=utf-8" />
  <meta name='ocr-system' content='tesseract 3.04.00' />
  <meta name='ocr-capabilities' content='ocr_page ocr_carea ocr_par ocr_line ocrx_word'/>
</head>
<body>
  <div class='ocr_page' id='page_1' title='image "./vitaharoldiroma01musegoog_0055.png"; bbox 0 0 4050 5640; ppageno 0'>
   <div class='ocr_carea' id='block_1_1' title="bbox 500 443 1215 558">
    <p class='ocr_par' dir='ltr' id='par_1_1' title="bbox 500 443 1215 558">
     <span class='ocr_line' id='line_1_1' title="bbox 500 443 1215 558; baseline -0.008 -28"><span class='ocrx_word' id='word_1_1' title='bbox 500 472 549 558; x_wconf 84' lang='lat'>3&#39;2</span> <span class='ocrx_word' id='word_1_2' title='bbox 779 445 869 527; x_wconf 82' lang='lat' dir='ltr'>Vita</span> <span class='ocrx_word' id='word_1_3' title='bbox 898 443 1064 525; x_wconf 70' lang='lat' dir='ltr'>Haroldi</span> <span class='ocrx_word' id='word_1_4' title='bbox 1087 444 1215 553; x_wconf 84' lang='lat' dir='ltr'>Regis.</span> 
     </span>
    </p>
   </div>
   <div class='ocr_carea' id='block_1_2' title="bbox 495 652 1551 3907">
    <p class='ocr_par' dir='ltr' id='par_1_2' title="bbox 495 652 1551 3320">
     <span class='ocr_line' id='line_1_2' title="bbox 497 652 1496 751; baseline -0.005 -22"><span class='ocrx_word' id='word_1_5' title='bbox 497 657 662 729; x_wconf 85' lang='lat' dir='ltr'>valuisset.</span> <span class='ocrx_word' id='word_1_6' title='bbox 699 656 771 751; x_wconf 75' lang='lat' dir='ltr'>Qui</span> <span class='ocrx_word' id='word_1_7' title='bbox 790 680 870 727; x_wconf 91' lang='lat' dir='ltr'>cum</span> <span class='ocrx_word' id='word_1_8' title='bbox 888 654 1077 727; x_wconf 90' lang='lat' dir='ltr'>rusticanus</span> <span class='ocrx_word' id='word_1_9' title='bbox 1094 655 1175 727; x_wconf 84' lang='lat' dir='ltr'>esset</span> <span class='ocrx_word' id='word_1_10' title='bbox 1187 670 1222 726; x_wconf 90' lang='lat' dir='ltr'>et</span> <span class='ocrx_word' id='word_1_11' title='bbox 1239 653 1350 725; x_wconf 85' lang='lat' dir='ltr'>totius</span> <span class='ocrx_word' id='word_1_12' title='bbox 1365 652 1496 751; x_wconf 93' lang='lat' dir='ltr'>eloquii</span> 
     </span>
     <span class='ocr_line' id='line_1_3' title="bbox 496 766 1495 867; baseline -0.005 -25"><span class='ocrx_word' id='word_1_13' title='bbox 496 770 635 842; x_wconf 87' lang='lat' dir='ltr'>alterius</span> <span class='ocrx_word' id='word_1_14' title='bbox 646 795 750 867; x_wconf 92' lang='lat' dir='ltr'>quam</span> <span class='ocrx_word' id='word_1_15' title='bbox 764 768 905 867; x_wconf 85' lang='lat' dir='ltr'>Anglici</span> <span class='ocrx_word' id='word_1_16' title='bbox 924 766 1075 840; x_wconf 86' lang='lat' dir='ltr'>nescius¹</span> <span class='ocrx_word' id='word_1_17' title='bbox 1097 825 1104 840; x_wconf 94' lang='lat'><strong>.</strong></span> <span class='ocrx_word' id='word_1_18' title='bbox 1123 767 1316 839; x_wconf 88' lang='lat' dir='ltr'>mirabilem</span> <span class='ocrx_word' id='word_1_19' title='bbox 1334 766 1495 839; x_wconf 88' lang='lat' dir='ltr'>tenebat.</span> 
     </span>
     <span class='ocr_line' id='line_1_4' title="bbox 496 877 1498 979; baseline -0.005 -24"><span class='ocrx_word' id='word_1_20' title='bbox 496 900 531 955; x_wconf 90' lang='lat' dir='ltr'>et</span> <span class='ocrx_word' id='word_1_21' title='bbox 557 881 738 954; x_wconf 86' lang='lat' dir='ltr'>amabilem</span> <span class='ocrx_word' id='word_1_22' title='bbox 755 882 799 954; x_wconf 92' lang='lat' dir='ltr'>de</span> <span class='ocrx_word' id='word_1_23' title='bbox 827 880 1003 979; x_wconf 84' lang='lat' dir='ltr'>religionis</span> <span class='ocrx_word' id='word_1_24' title='bbox 1027 877 1159 951; x_wconf 92' lang='lat' dir='ltr'>summa</span> <span class='ocrx_word' id='word_1_25' title='bbox 1184 905 1317 978; x_wconf 89' lang='lat' dir='ltr'>proque</span> <span class='ocrx_word' id='word_1_26' title='bbox 1334 877 1498 976; x_wconf 77' lang='lat' dir='ltr'>ydioma²</span> 
     </span>
     <span class='ocr_line' id='line_1_5' title="bbox 497 990 1497 1092; baseline -0.003 -26"><span class='ocrx_word' id='word_1_27' title='bbox 497 993 558 1067; x_wconf 93' lang='lat' dir='ltr'>suo</span> <span class='ocrx_word' id='word_1_28' title='bbox 574 996 766 1067; x_wconf 86' lang='lat' dir='ltr'>luculenter</span> <span class='ocrx_word' id='word_1_29' title='bbox 783 991 976 1092; x_wconf 86' lang='lat' dir='ltr'>proferebat</span> <span class='ocrx_word' id='word_1_30' title='bbox 994 991 1201 1065; x_wconf 85' lang='lat' dir='ltr'>sentenciam</span> <span class='ocrx_word' id='word_1_31' title='bbox 1220 1047 1228 1065; x_wconf 93' lang='lat'><strong>.</strong></span> <span class='ocrx_word' id='word_1_32' title='bbox 1247 1007 1288 1064; x_wconf 87' lang='lat' dir='ltr'>ut</span> <span class='ocrx_word' id='word_1_33' title='bbox 1305 992 1348 1067; x_wconf 87' lang='lat' dir='ltr'>de</span> <span class='ocrx_word' id='word_1_34' title='bbox 1366 990 1497 1089; x_wconf 89' lang='lat' dir='ltr'>meipso</span> 
     </span>
     <span class='ocr_line' id='line_1_6' title="bbox 496 1103 1497 1206; baseline -0.002 -26"><span class='ocrx_word' id='word_1_35' title='bbox 496 1108 607 1181; x_wconf 91' lang='lat' dir='ltr'>aiebat</span> <span class='ocrx_word' id='word_1_36' title='bbox 639 1164 647 1181; x_wconf 89' lang='lat'><strong>.</strong></span> <span class='ocrx_word' id='word_1_37' title='bbox 679 1108 776 1206; x_wconf 93' lang='lat' dir='ltr'>quod</span> <span class='ocrx_word' id='word_1_38' title='bbox 806 1105 919 1197; x_wconf 88' lang='lat' dir='ltr'>sencio</span> <span class='ocrx_word' id='word_1_39' title='bbox 945 1107 1058 1182; x_wconf 89' lang='lat' dir='ltr'>dicam</span> <span class='ocrx_word' id='word_1_40' title='bbox 1093 1107 1130 1180; x_wconf 95' lang='lat' dir='ltr'>in</span> <span class='ocrx_word' id='word_1_41' title='bbox 1164 1106 1337 1205; x_wconf 86' lang='lat' dir='ltr'>paciencia</span> <span class='ocrx_word' id='word_1_42' title='bbox 1370 1121 1405 1178; x_wconf 95' lang='lat' dir='ltr'>et</span> <span class='ocrx_word' id='word_1_43' title='bbox 1439 1103 1497 1204; x_wconf 88' lang='lat' dir='ltr'>spe</span> 
     </span>
     <span class='ocr_line' id='line_1_7' title="bbox 496 1217 1497 1318; baseline -0.001 -26"><span class='ocrx_word' id='word_1_44' title='bbox 496 1219 612 1293; x_wconf 91' lang='lat' dir='ltr'>salutis</span> <span class='ocrx_word' id='word_1_45' title='bbox 637 1245 713 1292; x_wconf 92' lang='lat' dir='ltr'>mee</span> <span class='ocrx_word' id='word_1_46' title='bbox 741 1218 910 1293; x_wconf 89' lang='lat' dir='ltr'>summam</span> <span class='ocrx_word' id='word_1_47' title='bbox 941 1236 1029 1318; x_wconf 92' lang='lat' dir='ltr'>puto</span> <span class='ocrx_word' id='word_1_48' title='bbox 1063 1217 1248 1292; x_wconf 77' lang='lat' dir='ltr'>consistere.</span> <span class='ocrx_word' id='word_1_49' title='bbox 1301 1217 1497 1292; x_wconf 89' lang='lat' dir='ltr'>Subiciebat</span> 
     </span>
     <span class='ocr_line' id='line_1_8' title="bbox 495 1331 1498 1431; baseline -0.001 -26"><span class='ocrx_word' id='word_1_50' title='bbox 495 1350 626 1431; x_wconf 91' lang='lat' dir='ltr'>quanta</span> <span class='ocrx_word' id='word_1_51' title='bbox 643 1331 837 1406; x_wconf 85' lang='lat' dir='ltr'>ostendisset</span> <span class='ocrx_word' id='word_1_52' title='bbox 850 1332 909 1404; x_wconf 83' lang='lat' dir='ltr'>fibi</span> <span class='ocrx_word' id='word_1_53' title='bbox 921 1331 1097 1405; x_wconf 87' lang='lat' dir='ltr'>Dominus</span> <span class='ocrx_word' id='word_1_54' title='bbox 1109 1331 1353 1404; x_wconf 86' lang='lat' dir='ltr'>tribulacioncs</span> <span class='ocrx_word' id='word_1_55' title='bbox 1370 1332 1498 1404; x_wconf 80' lang='lat' dir='ltr'>multas</span> 
     </span>
     <span class='ocr_line' id='line_1_9' title="bbox 496 1441 1498 1545; baseline -0.001 -27"><span class='ocrx_word' id='word_1_56' title='bbox 496 1464 530 1519; x_wconf 90' lang='lat' dir='ltr'>et</span> <span class='ocrx_word' id='word_1_57' title='bbox 542 1471 685 1545; x_wconf 90' lang='lat' dir='ltr'>magnas</span> <span class='ocrx_word' id='word_1_58' title='bbox 699 1503 707 1518; x_wconf 92' lang='lat'><strong>.</strong></span> <span class='ocrx_word' id='word_1_59' title='bbox 720 1470 895 1543; x_wconf 91' lang='lat' dir='ltr'>quamque</span> <span class='ocrx_word' id='word_1_60' title='bbox 909 1446 1094 1517; x_wconf 91' lang='lat' dir='ltr'>clementer</span> <span class='ocrx_word' id='word_1_61' title='bbox 1107 1441 1289 1516; x_wconf 86' lang='lat' dir='ltr'>conversus</span> <span class='ocrx_word' id='word_1_62' title='bbox 1298 1443 1498 1518; x_wconf 80' lang='lat' dir='ltr'>vivificasset</span> 
     </span>
     <span class='ocr_line' id='line_1_10' title="bbox 496 1554 1496 1657; baseline 0 -27"><span class='ocrx_word' id='word_1_63' title='bbox 496 1557 529 1630; x_wconf 89' lang='lat' dir='ltr'>se</span> <span class='ocrx_word' id='word_1_64' title='bbox 548 1615 556 1630; x_wconf 94' lang='lat'><strong>.</strong></span> <span class='ocrx_word' id='word_1_65' title='bbox 575 1575 610 1631; x_wconf 90' lang='lat' dir='ltr'>et</span> <span class='ocrx_word' id='word_1_66' title='bbox 628 1582 734 1657; x_wconf 90' lang='lat' dir='ltr'>quam</span> <span class='ocrx_word' id='word_1_67' title='bbox 751 1559 795 1631; x_wconf 90' lang='lat' dir='ltr'>de</span> <span class='ocrx_word' id='word_1_68' title='bbox 812 1555 944 1629; x_wconf 82' lang='lat' dir='ltr'>abillis3</span> <span class='ocrx_word' id='word_1_69' title='bbox 970 1573 1059 1629; x_wconf 92' lang='lat' dir='ltr'>terre</span> <span class='ocrx_word' id='word_1_70' title='bbox 1076 1573 1237 1655; x_wconf 93' lang='lat' dir='ltr'>potenter</span> <span class='ocrx_word' id='word_1_71' title='bbox 1252 1556 1435 1631; x_wconf 78' lang='lat' dir='ltr'>reduxillet</span> <span class='ocrx_word' id='word_1_72' title='bbox 1453 1554 1496 1630; x_wconf 92' lang='lat' dir='ltr'>se.</span> 
     </span>
     <span class='ocr_line' id='line_1_11' title="bbox 497 1668 1499 1769; baseline -0.001 -25"><span class='ocrx_word' id='word_1_73' title='bbox 497 1668 721 1744; x_wconf 88' lang='lat' dir='ltr'>Interserebat</span> <span class='ocrx_word' id='word_1_74' title='bbox 743 1687 777 1743; x_wconf 91' lang='lat' dir='ltr'>et</span> <span class='ocrx_word' id='word_1_75' title='bbox 792 1688 920 1769; x_wconf 91' lang='lat' dir='ltr'>quanta</span> <span class='ocrx_word' id='word_1_76' title='bbox 932 1670 1043 1768; x_wconf 81' lang='lat' dir='ltr'>pall‘us</span> <span class='ocrx_word' id='word_1_77' title='bbox 1056 1670 1136 1751; x_wconf 81' lang='lat' dir='ltr'>effet</span> <span class='ocrx_word' id='word_1_78' title='bbox 1153 1671 1190 1743; x_wconf 94' lang='lat' dir='ltr'>in</span> <span class='ocrx_word' id='word_1_79' title='bbox 1208 1694 1351 1768; x_wconf 90' lang='lat' dir='ltr'>corpore</span> <span class='ocrx_word' id='word_1_80' title='bbox 1368 1687 1499 1769; x_wconf 90' lang='lat' dir='ltr'>quanta</span> 
     </span>
     <span class='ocr_line' id='line_1_12' title="bbox 496 1781 1500 1882; baseline 0.001 -27"><span class='ocrx_word' id='word_1_81' title='bbox 496 1783 533 1856; x_wconf 90' lang='lat' dir='ltr'>in</span> <span class='ocrx_word' id='word_1_82' title='bbox 551 1799 668 1855; x_wconf 88' lang='lat' dir='ltr'>mente</span> <span class='ocrx_word' id='word_1_83' title='bbox 685 1809 936 1856; x_wconf 88' lang='lat' dir='ltr'>connumerans</span> <span class='ocrx_word' id='word_1_84' title='bbox 954 1799 988 1855; x_wconf 89' lang='lat' dir='ltr'>et</span> <span class='ocrx_word' id='word_1_85' title='bbox 1013 1783 1226 1882; x_wconf 85' lang='lat' dir='ltr'>distinguens</span> <span class='ocrx_word' id='word_1_86' title='bbox 1242 1781 1420 1882; x_wconf 88' lang='lat' dir='ltr'>utriusque</span> <span class='ocrx_word' id='word_1_87' title='bbox 1437 1785 1500 1859; x_wconf 90' lang='lat' dir='ltr'>de-</span> 
     </span>
     <span class='ocr_line' id='line_1_13' title="bbox 496 1892 1498 1969; baseline 0.003 -3"><span class='ocrx_word' id='word_1_88' title='bbox 496 1892 605 1967; x_wconf 69' lang='lat' dir='ltr'>festus</span> <span class='ocrx_word' id='word_1_89' title='bbox 632 1895 783 1967; x_wconf 90' lang='lat' dir='ltr'>hominis</span> <span class='ocrx_word' id='word_1_90' title='bbox 808 1912 843 1967; x_wconf 93' lang='lat' dir='ltr'>et</span> <span class='ocrx_word' id='word_1_91' title='bbox 860 1896 974 1968; x_wconf 89' lang='lat' dir='ltr'>varios</span> <span class='ocrx_word' id='word_1_92' title='bbox 991 1897 1132 1968; x_wconf 68' lang='lat' dir='ltr'>affectus</span> <span class='ocrx_word' id='word_1_93' title='bbox 1148 1897 1339 1969; x_wconf 89' lang='lat' dir='ltr'>demonum</span> <span class='ocrx_word' id='word_1_94' title='bbox 1357 1896 1498 1969; x_wconf 78' lang='lat' dir='ltr'>affultus</span> 
     </span>
     <span class='ocr_line' id='line_1_14' title="bbox 497 2007 1498 2106; baseline 0.002 -26"><span class='ocrx_word' id='word_1_95' title='bbox 497 2007 677 2105; x_wconf 85' lang='lat' dir='ltr'>improbos</span> <span class='ocrx_word' id='word_1_96' title='bbox 703 2064 710 2080; x_wconf 98' lang='lat'><strong>.</strong></span> <span class='ocrx_word' id='word_1_97' title='bbox 739 2033 810 2079; x_wconf 94' lang='lat' dir='ltr'>non</span> <span class='ocrx_word' id='word_1_98' title='bbox 840 2034 962 2106; x_wconf 89' lang='lat' dir='ltr'>parum</span> <span class='ocrx_word' id='word_1_99' title='bbox 987 2033 1128 2106; x_wconf 94' lang='lat' dir='ltr'>quoque</span> <span class='ocrx_word' id='word_1_100' title='bbox 1149 2008 1288 2081; x_wconf 93' lang='lat' dir='ltr'>acerbos</span> <span class='ocrx_word' id='word_1_101' title='bbox 1314 2009 1498 2083; x_wconf 91' lang='lat' dir='ltr'>hominum</span> 
     </span>
     <span class='ocr_line' id='line_1_15' title="bbox 497 2119 1436 2220; baseline 0.001 -28"><span class='ocrx_word' id='word_1_102' title='bbox 497 2119 653 2193; x_wconf 89' lang='lat' dir='ltr'>insultus.</span> <span class='ocrx_word' id='word_1_103' title='bbox 717 2119 952 2217; x_wconf 88' lang='lat' dir='ltr'>Addebatque</span> <span class='ocrx_word' id='word_1_104' title='bbox 979 2121 1069 2192; x_wconf 90' lang='lat' dir='ltr'>inter</span> <span class='ocrx_word' id='word_1_105' title='bbox 1096 2120 1159 2192; x_wconf 94' lang='lat' dir='ltr'>hec</span> <span class='ocrx_word' id='word_1_106' title='bbox 1187 2122 1304 2194; x_wconf 90' lang='lat' dir='ltr'>omnia</span> <span class='ocrx_word' id='word_1_107' title='bbox 1324 2119 1436 2220; x_wconf 89' lang='lat' dir='ltr'>jamj</span> 
     </span>
     <span class='ocr_line' id='line_1_16' title="bbox 498 2230 1498 2333; baseline 0.001 -28"><span class='ocrx_word' id='word_1_108' title='bbox 498 2235 602 2333; x_wconf 93' lang='lat' dir='ltr'>paulo</span> <span class='ocrx_word' id='word_1_109' title='bbox 620 2233 735 2305; x_wconf 86' lang='lat' dir='ltr'>minus</span> <span class='ocrx_word' id='word_1_110' title='bbox 752 2231 968 2330; x_wconf 84' lang='lat' dir='ltr'>naufraganti</span> <span class='ocrx_word' id='word_1_111' title='bbox 993 2230 1061 2304; x_wconf 90' lang='lat' dir='ltr'>sola</span> <span class='ocrx_word' id='word_1_112' title='bbox 1079 2230 1202 2305; x_wconf 91' lang='lat' dir='ltr'>misero</span> <span class='ocrx_word' id='word_1_113' title='bbox 1227 2234 1334 2306; x_wconf 89' lang='lat' dir='ltr'>michi</span> <span class='ocrx_word' id='word_1_114' title='bbox 1363 2232 1436 2332; x_wconf 90' lang='lat' dir='ltr'>spes</span> <span class='ocrx_word' id='word_1_115' title='bbox 1461 2234 1498 2306; x_wconf 92' lang='lat' dir='ltr'>in</span> 
     </span>
     <span class='ocr_line' id='line_1_17' title="bbox 498 2343 1500 2444; baseline 0.001 -25"><span class='ocrx_word' id='word_1_116' title='bbox 498 2345 662 2419; x_wconf 85' lang='lat' dir='ltr'>crucifixo</span> <span class='ocrx_word' id='word_1_117' title='bbox 679 2371 743 2443; x_wconf 96' lang='lat' dir='ltr'>pro</span> <span class='ocrx_word' id='word_1_118' title='bbox 761 2345 909 2417; x_wconf 90' lang='lat' dir='ltr'>anchora</span> <span class='ocrx_word' id='word_1_119' title='bbox 927 2343 992 2416; x_wconf 86' lang='lat' dir='ltr'>fuit</span> <span class='ocrx_word' id='word_1_120' title='bbox 1008 2401 1016 2417; x_wconf 94' lang='lat'><strong>.</strong></span> <span class='ocrx_word' id='word_1_121' title='bbox 1031 2372 1100 2444; x_wconf 91' lang='lat' dir='ltr'>qua</span> <span class='ocrx_word' id='word_1_122' title='bbox 1118 2345 1262 2419; x_wconf 86' lang='lat' dir='ltr'>firmiter</span> <span class='ocrx_word' id='word_1_123' title='bbox 1279 2344 1371 2419; x_wconf 87' lang='lat' dir='ltr'>nisus</span> <span class='ocrx_word' id='word_1_124' title='bbox 1382 2348 1500 2420; x_wconf 89' lang='lat' dir='ltr'>omnia</span> 
     </span>
     <span class='ocr_line' id='line_1_18' title="bbox 498 2443 1551 2560; baseline 0 -27"><span class='ocrx_word' id='word_1_125' title='bbox 498 2460 573 2560; x_wconf 89' lang='lat' dir='ltr'>post</span> <span class='ocrx_word' id='word_1_126' title='bbox 600 2460 778 2533; x_wconf 90' lang='lat' dir='ltr'>modicum</span> <span class='ocrx_word' id='word_1_127' title='bbox 808 2458 900 2557; x_wconf 88' lang='lat' dir='ltr'>quasr</span> <span class='ocrx_word' id='word_1_128' title='bbox 928 2459 964 2540; x_wconf 88' lang='lat' dir='ltr'>in</span> <span class='ocrx_word' id='word_1_129' title='bbox 992 2456 1149 2555; x_wconf 90' lang='lat' dir='ltr'>spumam</span> <span class='ocrx_word' id='word_1_130' title='bbox 1178 2476 1214 2531; x_wconf 93' lang='lat' dir='ltr'>et</span> <span class='ocrx_word' id='word_1_131' title='bbox 1240 2457 1392 2533; x_wconf 83' lang='lat' dir='ltr'>favillam</span> <span class='ocrx_word' id='word_1_132' title='bbox 1418 2486 1501 2533; x_wconf 88' lang='lat' dir='ltr'>eva-</span> <span class='ocrx_word' id='word_1_133' title='bbox 1545 2443 1551 2455; x_wconf 55' lang='grc'>’</span> 
     </span>
     <span class='ocr_line' id='line_1_19' title="bbox 500 2569 1501 2670; baseline 0.001 -25"><span class='ocrx_word' id='word_1_134' title='bbox 500 2573 606 2646; x_wconf 88' lang='lat' dir='ltr'>nuilse</span> <span class='ocrx_word' id='word_1_135' title='bbox 636 2573 708 2645; x_wconf 89' lang='lat' dir='ltr'>vidi</span> <span class='ocrx_word' id='word_1_136' title='bbox 740 2597 808 2670; x_wconf 90' lang='lat' dir='ltr'>que</span> <span class='ocrx_word' id='word_1_137' title='bbox 838 2571 943 2669; x_wconf 89' lang='lat' dir='ltr'>paulo</span> <span class='ocrx_word' id='word_1_138' title='bbox 972 2588 1052 2643; x_wconf 90' lang='lat' dir='ltr'>ante</span> <span class='ocrx_word' id='word_1_139' title='bbox 1082 2569 1153 2669; x_wconf 89' lang='lat' dir='ltr'>ipsa</span> <span class='ocrx_word' id='word_1_140' title='bbox 1186 2589 1299 2645; x_wconf 89' lang='lat' dir='ltr'>morte</span> <span class='ocrx_word' id='word_1_141' title='bbox 1338 2574 1501 2647; x_wconf 90' lang='lat' dir='ltr'>intolera-</span> 
     </span>
     <span class='ocr_line' id='line_1_20' title="bbox 499 2683 1501 2785; baseline 0 -26"><span class='ocrx_word' id='word_1_142' title='bbox 499 2685 621 2759; x_wconf 88' lang='lat' dir='ltr'>biliora</span> <span class='ocrx_word' id='word_1_143' title='bbox 637 2684 733 2759; x_wconf 87' lang='lat' dir='ltr'>duxi.</span> <span class='ocrx_word' id='word_1_144' title='bbox 785 2683 1082 2782; x_wconf 81' lang='lat' dir='ltr'>Verumptamen⁴</span> <span class='ocrx_word' id='word_1_145' title='bbox 1099 2685 1183 2758; x_wconf 89' lang='lat' dir='ltr'>tales</span> <span class='ocrx_word' id='word_1_146' title='bbox 1200 2685 1315 2785; x_wconf 90' lang='lat' dir='ltr'>inquit</span> <span class='ocrx_word' id='word_1_147' title='bbox 1332 2712 1371 2758; x_wconf 94' lang='lat' dir='ltr'>ac</span> <span class='ocrx_word' id='word_1_148' title='bbox 1387 2703 1501 2760; x_wconf 91' lang='lat' dir='ltr'>tantas</span> 
     </span>
     <span class='ocr_line' id='line_1_21' title="bbox 500 2797 1500 2896; baseline 0.001 -25"><span class='ocrx_word' id='word_1_149' title='bbox 500 2797 637 2871; x_wconf 91' lang='lat' dir='ltr'>sustinui</span> <span class='ocrx_word' id='word_1_150' title='bbox 655 2797 859 2870; x_wconf 87' lang='lat' dir='ltr'>afflicciones</span> <span class='ocrx_word' id='word_1_151' title='bbox 876 2797 987 2869; x_wconf 92' lang='lat' dir='ltr'>carnis</span> <span class='ocrx_word' id='word_1_152' title='bbox 1014 2853 1022 2869; x_wconf 94' lang='lat'><strong>.</strong></span> <span class='ocrx_word' id='word_1_153' title='bbox 1045 2822 1088 2869; x_wconf 86' lang='lat' dir='ltr'>ex</span> <span class='ocrx_word' id='word_1_154' title='bbox 1105 2823 1179 2895; x_wconf 95' lang='lat' dir='ltr'>quo</span> <span class='ocrx_word' id='word_1_155' title='bbox 1196 2823 1321 2896; x_wconf 87' lang='lat' dir='ltr'>corpus</span> <span class='ocrx_word' id='word_1_156' title='bbox 1338 2798 1500 2872; x_wconf 89' lang='lat' dir='ltr'>miserum</span> 
     </span>
     <span class='ocr_line' id='line_1_22' title="bbox 498 2908 1501 3010; baseline 0.004 -28"><span class='ocrx_word' id='word_1_157' title='bbox 498 2927 666 3009; x_wconf 89' lang='lat' dir='ltr'>tanquam</span> <span class='ocrx_word' id='word_1_158' title='bbox 700 2908 806 2981; x_wconf 86' lang='lat' dir='ltr'>feram</span> <span class='ocrx_word' id='word_1_159' title='bbox 841 2908 1089 2981; x_wconf 87' lang='lat' dir='ltr'>indomabilem</span> <span class='ocrx_word' id='word_1_160' title='bbox 1125 2909 1230 3009; x_wconf 90' lang='lat' dir='ltr'>hujus</span> <span class='ocrx_word' id='word_1_161' title='bbox 1264 2911 1300 2983; x_wconf 93' lang='lat' dir='ltr'>in</span> <span class='ocrx_word' id='word_1_162' title='bbox 1327 2938 1400 3010; x_wconf 91' lang='lat' dir='ltr'>quo</span> <span class='ocrx_word' id='word_1_163' title='bbox 1433 2912 1501 2986; x_wconf 88' lang='lat' dir='ltr'>srve</span> 
     </span>
     <span class='ocr_line' id='line_1_23' title="bbox 499 3020 1501 3123; baseline 0.001 -27"><span class='ocrx_word' id='word_1_164' title='bbox 499 3024 641 3096; x_wconf 82' lang='lat' dir='ltr'>carceris</span> <span class='ocrx_word' id='word_1_165' title='bbox 666 3020 783 3094; x_wconf 82' lang='lat' dir='ltr'>inclusi</span> <span class='ocrx_word' id='word_1_166' title='bbox 801 3021 964 3118; x_wconf 87' lang='lat' dir='ltr'>angustiis</span> <span class='ocrx_word' id='word_1_167' title='bbox 982 3038 1021 3092; x_wconf 94' lang='lat' dir='ltr'>ut</span> <span class='ocrx_word' id='word_1_168' title='bbox 1048 3022 1249 3120; x_wconf 84' lang='lat' dir='ltr'>inexpertus</span> <span class='ocrx_word' id='word_1_169' title='bbox 1264 3022 1409 3123; x_wconf 87' lang='lat' dir='ltr'>quisque</span> <span class='ocrx_word' id='word_1_170' title='bbox 1432 3022 1501 3097; x_wconf 90' lang='lat' dir='ltr'>fcr-</span> 
     </span>
     <span class='ocr_line' id='line_1_24' title="bbox 499 3133 1501 3235; baseline 0.002 -27"><span class='ocrx_word' id='word_1_171' title='bbox 499 3161 592 3208; x_wconf 89' lang='lat' dir='ltr'>ream</span> <span class='ocrx_word' id='word_1_172' title='bbox 610 3133 789 3207; x_wconf 86' lang='lat' dir='ltr'>materiam</span> <span class='ocrx_word' id='word_1_173' title='bbox 807 3134 873 3205; x_wconf 87' lang='lat' dir='ltr'>srve</span> <span class='ocrx_word' id='word_1_174' title='bbox 890 3134 1062 3232; x_wconf 87' lang='lat' dir='ltr'>lapideam</span> <span class='ocrx_word' id='word_1_175' title='bbox 1085 3136 1145 3208; x_wconf 90' lang='lat' dir='ltr'>vix</span> <span class='ocrx_word' id='word_1_176' title='bbox 1162 3162 1330 3235; x_wconf 93' lang='lat' dir='ltr'>umquam</span> <span class='ocrx_word' id='word_1_177' title='bbox 1347 3139 1501 3211; x_wconf 90' lang='lat' dir='ltr'>crederet</span> 
     </span>
     <span class='ocr_line' id='line_1_25' title="bbox 497 3245 901 3320; baseline -0.007 0"><span class='ocrx_word' id='word_1_178' title='bbox 497 3264 595 3320; x_wconf 89' lang='lat' dir='ltr'>tanta</span> <span class='ocrx_word' id='word_1_179' title='bbox 611 3248 735 3320; x_wconf 89' lang='lat' dir='ltr'>durare</span> <span class='ocrx_word' id='word_1_180' title='bbox 752 3245 901 3317; x_wconf 81' lang='lat' dir='ltr'>valuill‘e.</span> 
     </span>
    </p>

    <p class='ocr_par' dir='ltr' id='par_1_3' title="bbox 500 3357 1504 3907">
     <span class='ocr_line' id='line_1_26' title="bbox 550 3357 1502 3458; baseline 0.005 -27"><span class='ocrx_word' id='word_1_181' title='bbox 550 3358 632 3432; x_wconf 88' lang='lat' dir='ltr'>Hec</span> <span class='ocrx_word' id='word_1_182' title='bbox 650 3359 706 3430; x_wconf 91' lang='lat' dir='ltr'>ille</span> <span class='ocrx_word' id='word_1_183' title='bbox 725 3383 795 3429; x_wconf 94' lang='lat' dir='ltr'>non</span> <span class='ocrx_word' id='word_1_184' title='bbox 817 3357 1049 3456; x_wconf 75' lang='lat' dir='ltr'>jactabundus</span> <span class='ocrx_word' id='word_1_185' title='bbox 1066 3360 1109 3432; x_wconf 94' lang='lat' dir='ltr'>de</span> <span class='ocrx_word' id='word_1_186' title='bbox 1128 3357 1160 3432; x_wconf 88' lang='lat' dir='ltr'>se</span> <span class='ocrx_word' id='word_1_187' title='bbox 1178 3359 1251 3458; x_wconf 92' lang='lat' dir='ltr'>ipso</span> <span class='ocrx_word' id='word_1_188' title='bbox 1269 3379 1303 3433; x_wconf 94' lang='lat' dir='ltr'>et</span> <span class='ocrx_word' id='word_1_189' title='bbox 1326 3362 1502 3436; x_wconf 89' lang='lat' dir='ltr'>laboribus</span> 
     </span>
     <span class='ocr_line' id='line_1_27' title="bbox 501 3467 1502 3569; baseline 0.007 -27"><span class='ocrx_word' id='word_1_190' title='bbox 501 3469 568 3543; x_wconf 90' lang='lat' dir='ltr'>suis</span> <span class='ocrx_word' id='word_1_191' title='bbox 602 3495 667 3569; x_wconf 91' lang='lat' dir='ltr'>pro</span> <span class='ocrx_word' id='word_1_192' title='bbox 697 3469 833 3543; x_wconf 86' lang='lat' dir='ltr'>Christo</span> <span class='ocrx_word' id='word_1_193' title='bbox 863 3467 911 3541; x_wconf 93' lang='lat' dir='ltr'>set</span> <span class='ocrx_word' id='word_1_194' title='bbox 947 3472 1160 3543; x_wconf 91' lang='lat' dir='ltr'>memorabat</span> <span class='ocrx_word' id='word_1_195' title='bbox 1188 3475 1414 3548; x_wconf 85' lang='lat' dir='ltr'>animandum</span> <span class='ocrx_word' id='word_1_196' title='bbox 1445 3501 1502 3548; x_wconf 91' lang='lat' dir='ltr'>me</span> 
     </span>
     <span class='ocr_line' id='line_1_28' title="bbox 500 3580 1501 3686; baseline 0.004 -30"><span class='ocrx_word' id='word_1_197' title='bbox 500 3584 591 3655; x_wconf 90' lang='lat' dir='ltr'>inter</span> <span class='ocrx_word' id='word_1_198' title='bbox 625 3580 694 3680; x_wconf 93' lang='lat' dir='ltr'>ipsa</span> <span class='ocrx_word' id='word_1_199' title='bbox 728 3581 888 3655; x_wconf 91' lang='lat' dir='ltr'>videlicet</span> <span class='ocrx_word' id='word_1_200' title='bbox 922 3584 1084 3679; x_wconf 87' lang='lat' dir='ltr'>tyrocinii</span> <span class='ocrx_word' id='word_1_201' title='bbox 1114 3583 1298 3682; x_wconf 90' lang='lat' dir='ltr'>spiritualis</span> <span class='ocrx_word' id='word_1_202' title='bbox 1323 3587 1501 3686; x_wconf 89' lang='lat' dir='ltr'>inexperta</span> 
     </span>
     <span class='ocr_line' id='line_1_29' title="bbox 501 3695 1503 3798; baseline 0.004 -29"><span class='ocrx_word' id='word_1_203' title='bbox 501 3696 687 3769; x_wconf 87' lang='lat' dir='ltr'>certamina</span> <span class='ocrx_word' id='word_1_204' title='bbox 704 3695 935 3793; x_wconf 89' lang='lat' dir='ltr'>trepidantem</span> <span class='ocrx_word' id='word_1_205' title='bbox 953 3713 1120 3795; x_wconf 90' lang='lat' dir='ltr'>tanquam</span> <span class='ocrx_word' id='word_1_206' title='bbox 1134 3698 1298 3771; x_wconf 91' lang='lat' dir='ltr'>emeritus</span> <span class='ocrx_word' id='word_1_207' title='bbox 1310 3699 1386 3798; x_wconf 91' lang='lat' dir='ltr'>jam</span> <span class='ocrx_word' id='word_1_208' title='bbox 1404 3701 1503 3773; x_wconf 88' lang='lat' dir='ltr'>miles</span> 
     </span>
     <span class='ocr_line' id='line_1_30' title="bbox 502 3805 1504 3907; baseline 0.007 -27"><span class='ocrx_word' id='word_1_209' title='bbox 502 3808 632 3907; x_wconf 89' lang='lat' dir='ltr'>proprii</span> <span class='ocrx_word' id='word_1_210' title='bbox 660 3805 791 3881; x_wconf 92' lang='lat' dir='ltr'>sudoris</span> <span class='ocrx_word' id='word_1_211' title='bbox 816 3806 974 3881; x_wconf 90' lang='lat' dir='ltr'>familiari</span> <span class='ocrx_word' id='word_1_212' title='bbox 1005 3811 1242 3907; x_wconf 90' lang='lat' dir='ltr'>experimento</span> <span class='ocrx_word' id='word_1_213' title='bbox 1269 3839 1308 3885; x_wconf 92' lang='lat' dir='ltr'>ac</span> <span class='ocrx_word' id='word_1_214' title='bbox 1336 3814 1504 3887; x_wconf 92' lang='lat' dir='ltr'>roboran-</span> 
     </span>
    </p>
   </div>
   <div class='ocr_carea' id='block_1_3' title="bbox 501 3941 1504 4260">
    <p class='ocr_par' dir='ltr' id='par_1_4' title="bbox 501 3941 1504 4260">
     <span class='ocr_line' id='line_1_31' title="bbox 541 3941 1504 4036; baseline 0.01 -41"><span class='ocrx_word' id='word_1_215' title='bbox 541 3942 553 3981; x_wconf 92' lang='lat'>1</span> <span class='ocrx_word' id='word_1_216' title='bbox 574 3942 699 4036; x_wconf 77' lang='lat' dir='ltr'>Writtcn</span> <span class='ocrx_word' id='word_1_217' title='bbox 714 3941 794 4000; x_wconf 89' lang='lat' dir='ltr'>twice</span> <span class='ocrx_word' id='word_1_218' title='bbox 810 3943 839 3999; x_wconf 89' lang='lat' dir='ltr'>in</span> <span class='ocrx_word' id='word_1_219' title='bbox 854 3941 893 3999; x_wconf 90' lang='lat' dir='ltr'>H.</span> <span class='ocrx_word' id='word_1_220' title='bbox 908 3965 917 4011; x_wconf 80' lang='lat'>3</span> <span class='ocrx_word' id='word_1_221' title='bbox 939 3941 988 3999; x_wconf 88' lang='lat' dir='ltr'>the</span> <span class='ocrx_word' id='word_1_222' title='bbox 1003 3941 1057 4000; x_wconf 85' lang='lat' dir='ltr'>first</span> <span class='ocrx_word' id='word_1_223' title='bbox 1072 3943 1150 4000; x_wconf 92' lang='lat' dir='ltr'>word</span> <span class='ocrx_word' id='word_1_224' title='bbox 1164 3945 1213 4002; x_wconf 81' lang='lat' dir='ltr'>has</span> <span class='ocrx_word' id='word_1_225' title='bbox 1230 3965 1245 4002; x_wconf 82' lang='lat' dir='ltr'>a</span> <span class='ocrx_word' id='word_1_226' title='bbox 1262 3965 1317 4021; x_wconf 84' lang='lat' dir='ltr'>pen</span> <span class='ocrx_word' id='word_1_227' title='bbox 1338 3946 1394 4005; x_wconf 88' lang='lat' dir='ltr'>line</span> <span class='ocrx_word' id='word_1_228' title='bbox 1408 3946 1504 4005; x_wconf 88' lang='lat' dir='ltr'>drawn</span> 
     </span>
     <span class='ocr_line' id='line_1_32' title="bbox 501 4024 1136 4180; baseline 0.005 -20"><span class='ocrx_word' id='word_1_229' title='bbox 501 4024 836 4180; x_wconf 41' lang='lat' dir='ltr'>thiciliiidtydiomdte}</span> <span class='ocrx_word' id='word_1_230' title='bbox 854 4102 919 4171; x_wconf 89' lang='lat' dir='ltr'>M.;</span> <span class='ocrx_word' id='word_1_231' title='bbox 940 4103 1082 4174; x_wconf 87' lang='lat' dir='ltr'>idiomate,</span> <span class='ocrx_word' id='word_1_232' title='bbox 1099 4104 1136 4163; x_wconf 87' lang='lat' dir='ltr'>G.</span> 
     </span>
     <span class='ocr_line' id='line_1_33' title="bbox 541 4182 1447 4260; baseline 0.008 -20"><span class='ocrx_word' id='word_1_233' title='bbox 541 4182 554 4220; x_wconf 80' lang='lat'>³</span> <span class='ocrx_word' id='word_1_234' title='bbox 576 4184 613 4243; x_wconf 91' lang='lat' dir='ltr'>H.</span> <span class='ocrx_word' id='word_1_235' title='bbox 620 4184 684 4253; x_wconf 91' lang='lat' dir='ltr'>M.;</span> <span class='ocrx_word' id='word_1_236' title='bbox 706 4184 809 4260; x_wconf 78' lang='lat' dir='ltr'>abyssis,</span> <span class='ocrx_word' id='word_1_237' title='bbox 825 4184 863 4243; x_wconf 92' lang='lat' dir='ltr'>G.</span> <span class='ocrx_word' id='word_1_238' title='bbox 1026 4184 1038 4221; x_wconf 88' lang='lat'><strong>⁴</strong></span> <span class='ocrx_word' id='word_1_239' title='bbox 1060 4185 1098 4242; x_wconf 90' lang='lat' dir='ltr'>H.</span> <span class='ocrx_word' id='word_1_240' title='bbox 1105 4185 1170 4255; x_wconf 86' lang='lat' dir='ltr'>M.;</span> <span class='ocrx_word' id='word_1_241' title='bbox 1191 4202 1395 4257; x_wconf 86' lang='lat' dir='ltr'>verumtamen,</span> <span class='ocrx_word' id='word_1_242' title='bbox 1410 4188 1447 4248; x_wconf 90' lang='lat' dir='ltr'>G.</span> 
     </span>
    </p>
   </div>
   <div class='ocr_carea' id='block_1_4' title="bbox 0 0 2037 5640">
    <p class='ocr_par' dir='ltr' id='par_1_5' title="bbox 0 0 2037 5640">
     <span class='ocr_line' id='line_1_34' title="bbox 0 0 2037 5640; baseline 0 0"><span class='ocrx_word' id='word_1_243' title='bbox 0 0 2037 5640; x_wconf 95' lang='lat' dir='ltr'> </span> 
     </span>
    </p>
   </div>
  </div>
 </body>
</html>
