<?xml version="1.0" encoding="UTF-8"?>
<!DOCTYPE html PUBLIC "-//W3C//DTD XHTML 1.0 Transitional//EN"
    "http://www.w3.org/TR/xhtml1/DTD/xhtml1-transitional.dtd">
<html xmlns="http://www.w3.org/1999/xhtml" xml:lang="en" lang="en">
 <head>
  <title>
</title>
<meta http-equiv="Content-Type" content="text/html;charset=utf-8" />
  <meta name='ocr-system' content='tesseract 3.04.00' />
  <meta name='ocr-capabilities' content='ocr_page ocr_carea ocr_par ocr_line ocrx_word'/>
</head>
<body>
  <div class='ocr_page' id='page_1' title='image "./vitaharoldiroma01musegoog_0081.png"; bbox 0 0 3938 5610; ppageno 0'>
   <div class='ocr_carea' id='block_1_1' title="bbox 480 319 1199 433">
    <p class='ocr_par' dir='ltr' id='par_1_1' title="bbox 480 319 1199 433">
     <span class='ocr_line' id='line_1_1' title="bbox 480 319 1199 433; baseline 0.013 -37"><span class='ocrx_word' id='word_1_1' title='bbox 480 319 530 424; x_wconf 82' lang='lat'>58</span> <span class='ocrx_word' id='word_1_2' title='bbox 766 321 855 400; x_wconf 84' lang='lat' dir='ltr'>Vita</span> <span class='ocrx_word' id='word_1_3' title='bbox 885 321 1048 403; x_wconf 85' lang='lat' dir='ltr'>Haroldi</span> <span class='ocrx_word' id='word_1_4' title='bbox 1073 325 1199 433; x_wconf 86' lang='lat' dir='ltr'>Regis.</span> 
     </span>
    </p>
   </div>
   <div class='ocr_carea' id='block_1_2' title="bbox 389 526 1483 3223">
    <p class='ocr_par' dir='ltr' id='par_1_2' title="bbox 389 526 1483 3223">
     <span class='ocr_line' id='line_1_2' title="bbox 477 526 1481 627; baseline 0.006 -30"><span class='ocrx_word' id='word_1_5' title='bbox 477 526 661 600; x_wconf 83' lang='lat' dir='ltr'>medullis:</span> <span class='ocrx_word' id='word_1_6' title='bbox 681 527 831 600; x_wconf 85' lang='lat' dir='ltr'>Crucem</span> <span class='ocrx_word' id='word_1_7' title='bbox 849 527 998 601; x_wconf 74' lang='lat' dir='ltr'>sannam</span> <span class='ocrx_word' id='word_1_8' title='bbox 1015 531 1137 603; x_wconf 89' lang='lat' dir='ltr'>adorat</span> <span class='ocrx_word' id='word_1_9' title='bbox 1157 587 1165 601; x_wconf 95' lang='lat'><strong>.</strong></span> <span class='ocrx_word' id='word_1_10' title='bbox 1184 547 1268 602; x_wconf 92' lang='lat' dir='ltr'>vota</span> <span class='ocrx_word' id='word_1_11' title='bbox 1284 529 1481 627; x_wconf 84' lang='lat' dir='ltr'>graciarum</span> 
     </span>
     <span class='ocr_line' id='line_1_3' title="bbox 479 639 1483 741; baseline 0.005 -31"><span class='ocrx_word' id='word_1_12' title='bbox 479 664 544 738; x_wconf 93' lang='lat' dir='ltr'>pro</span> <span class='ocrx_word' id='word_1_13' title='bbox 565 639 735 737; x_wconf 90' lang='lat' dir='ltr'>optento¹</span> <span class='ocrx_word' id='word_1_14' title='bbox 763 640 937 739; x_wconf 79' lang='lat' dir='ltr'>tropheo²</span> <span class='ocrx_word' id='word_1_15' title='bbox 959 659 1145 740; x_wconf 83' lang='lat' dir='ltr'>exaggerat</span> <span class='ocrx_word' id='word_1_16' title='bbox 1163 667 1228 740; x_wconf 94' lang='lat' dir='ltr'>pro</span> <span class='ocrx_word' id='word_1_17' title='bbox 1245 643 1441 741; x_wconf 91' lang='lat' dir='ltr'>optinendo</span> <span class='ocrx_word' id='word_1_18' title='bbox 1459 644 1483 715; x_wconf 80' lang='lat' dir='ltr'>si</span> 
     </span>
     <span class='ocr_line' id='line_1_4' title="bbox 478 750 1483 854; baseline 0.007 -32"><span class='ocrx_word' id='word_1_19' title='bbox 478 752 611 849; x_wconf 89' lang='lat' dir='ltr'>placeat</span> <span class='ocrx_word' id='word_1_20' title='bbox 641 750 773 825; x_wconf 87' lang='lat' dir='ltr'>summe</span> <span class='ocrx_word' id='word_1_21' title='bbox 799 753 988 854; x_wconf 86' lang='lat' dir='ltr'>majestati:</span> <span class='ocrx_word' id='word_1_22' title='bbox 1015 779 1132 853; x_wconf 79' lang='lat' dir='ltr'>preces</span> <span class='ocrx_word' id='word_1_23' title='bbox 1158 754 1358 853; x_wconf 85' lang='lat' dir='ltr'>suppliciter</span> <span class='ocrx_word' id='word_1_24' title='bbox 1384 755 1483 854; x_wconf 89' lang='lat' dir='ltr'>inge-</span> 
     </span>
     <span class='ocr_line' id='line_1_5' title="bbox 477 863 1483 965; baseline 0.006 -30"><span class='ocrx_word' id='word_1_25' title='bbox 477 863 598 937; x_wconf 87' lang='lat' dir='ltr'>minat.</span> <span class='ocrx_word' id='word_1_26' title='bbox 651 865 825 938; x_wconf 82' lang='lat' dir='ltr'>Oratione</span> <span class='ocrx_word' id='word_1_27' title='bbox 850 864 1026 964; x_wconf 86' lang='lat' dir='ltr'>postremo</span> <span class='ocrx_word' id='word_1_28' title='bbox 1046 867 1240 965; x_wconf 87' lang='lat' dir='ltr'>completa:</span> <span class='ocrx_word' id='word_1_29' title='bbox 1267 865 1483 942; x_wconf 87' lang='lat' dir='ltr'>imminentis</span> 
     </span>
     <span class='ocr_line' id='line_1_6' title="bbox 476 977 1480 1053; baseline 0.002 -4"><span class='ocrx_word' id='word_1_30' title='bbox 476 977 559 1050; x_wconf 91' lang='lat' dir='ltr'>belli</span> <span class='ocrx_word' id='word_1_31' title='bbox 602 994 732 1051; x_wconf 94' lang='lat' dir='ltr'>eventu</span> <span class='ocrx_word' id='word_1_32' title='bbox 775 983 898 1051; x_wconf 64' lang='lat' dir='ltr'>cuneta</span> <span class='ocrx_word' id='word_1_33' title='bbox 940 978 1155 1051; x_wconf 88' lang='lat' dir='ltr'>moderantis</span> <span class='ocrx_word' id='word_1_34' title='bbox 1196 979 1342 1052; x_wconf 89' lang='lat' dir='ltr'>arbitrio</span> <span class='ocrx_word' id='word_1_35' title='bbox 1384 980 1480 1053; x_wconf 90' lang='lat' dir='ltr'>fideli</span> 
     </span>
     <span class='ocr_line' id='line_1_7' title="bbox 476 1089 1480 1191; baseline 0.002 -28"><span class='ocrx_word' id='word_1_36' title='bbox 476 1089 668 1164; x_wconf 87' lang='lat' dir='ltr'>devocione</span> <span class='ocrx_word' id='word_1_37' title='bbox 681 1091 852 1164; x_wconf 91' lang='lat' dir='ltr'>attencius</span> <span class='ocrx_word' id='word_1_38' title='bbox 864 1093 1026 1191; x_wconf 89' lang='lat' dir='ltr'>delegato</span> <span class='ocrx_word' id='word_1_39' title='bbox 1044 1089 1189 1189; x_wconf 91' lang='lat' dir='ltr'>seipsum</span> <span class='ocrx_word' id='word_1_40' title='bbox 1208 1091 1480 1165; x_wconf 67' lang='lat' dir='ltr'>vistoriostsiimo</span> 
     </span>
     <span class='ocr_line' id='line_1_8' title="bbox 476 1203 1480 1304; baseline 0.004 -30"><span class='ocrx_word' id='word_1_41' title='bbox 476 1203 573 1302; x_wconf 74' lang='lat' dir='ltr'>signo</span> <span class='ocrx_word' id='word_1_42' title='bbox 607 1205 855 1277; x_wconf 90' lang='lat' dir='ltr'>commendans</span> <span class='ocrx_word' id='word_1_43' title='bbox 888 1229 970 1276; x_wconf 89' lang='lat' dir='ltr'>cum</span> <span class='ocrx_word' id='word_1_44' title='bbox 1003 1204 1191 1277; x_wconf 79' lang='lat' dir='ltr'>recessurus</span> <span class='ocrx_word' id='word_1_45' title='bbox 1224 1204 1299 1304; x_wconf 90' lang='lat' dir='ltr'>jam</span> <span class='ocrx_word' id='word_1_46' title='bbox 1334 1204 1480 1278; x_wconf 79' lang='lat' dir='ltr'>demisso</span> 
     </span>
     <span class='ocr_line' id='line_1_9' title="bbox 476 1315 1481 1415; baseline 0.002 -27"><span class='ocrx_word' id='word_1_47' title='bbox 476 1315 605 1390; x_wconf 90' lang='lat' dir='ltr'>vertice</span> <span class='ocrx_word' id='word_1_48' title='bbox 622 1333 658 1389; x_wconf 87' lang='lat' dir='ltr'>et</span> <span class='ocrx_word' id='word_1_49' title='bbox 682 1342 795 1414; x_wconf 92' lang='lat' dir='ltr'>prono</span> <span class='ocrx_word' id='word_1_50' title='bbox 816 1342 962 1415; x_wconf 92' lang='lat' dir='ltr'>corpore</span> <span class='ocrx_word' id='word_1_51' title='bbox 985 1317 1079 1389; x_wconf 92' lang='lat' dir='ltr'>cruci</span> <span class='ocrx_word' id='word_1_52' title='bbox 1106 1316 1310 1390; x_wconf 66' lang='lat' dir='ltr'>sacrosancte</span> <span class='ocrx_word' id='word_1_53' title='bbox 1328 1316 1481 1391; x_wconf 87' lang='lat' dir='ltr'>valefac-</span> 
     </span>
     <span class='ocr_line' id='line_1_10' title="bbox 475 1427 1480 1528; baseline 0.003 -28"><span class='ocrx_word' id='word_1_54' title='bbox 475 1446 578 1501; x_wconf 90' lang='lat' dir='ltr'>turus</span> <span class='ocrx_word' id='word_1_55' title='bbox 611 1427 655 1501; x_wconf 94' lang='lat' dir='ltr'>de</span> <span class='ocrx_word' id='word_1_56' title='bbox 690 1454 788 1501; x_wconf 89' lang='lat' dir='ltr'>more</span> <span class='ocrx_word' id='word_1_57' title='bbox 822 1428 1004 1503; x_wconf 84' lang='lat' dir='ltr'>inclinaret</span> <span class='ocrx_word' id='word_1_58' title='bbox 1038 1429 1089 1504; x_wconf 89' lang='lat' dir='ltr'>se:</span> <span class='ocrx_word' id='word_1_59' title='bbox 1133 1429 1315 1502; x_wconf 90' lang='lat' dir='ltr'>inclinavit</span> <span class='ocrx_word' id='word_1_60' title='bbox 1349 1429 1480 1528; x_wconf 86' lang='lat' dir='ltr'>pariter</span> 
     </span>
     <span class='ocr_line' id='line_1_11' title="bbox 475 1541 1479 1640; baseline 0.003 -27"><span class='ocrx_word' id='word_1_61' title='bbox 475 1541 507 1613; x_wconf 88' lang='lat' dir='ltr'>se</span> <span class='ocrx_word' id='word_1_62' title='bbox 524 1542 647 1614; x_wconf 88' lang='lat' dir='ltr'>vultus</span> <span class='ocrx_word' id='word_1_63' title='bbox 664 1541 858 1640; x_wconf 82' lang='lat' dir='ltr'>ymaginis8</span> <span class='ocrx_word' id='word_1_64' title='bbox 876 1541 1049 1614; x_wconf 89' lang='lat' dir='ltr'>crucifixe.</span> <span class='ocrx_word' id='word_1_65' title='bbox 1102 1542 1249 1615; x_wconf 91' lang='lat' dir='ltr'>Terruit</span> <span class='ocrx_word' id='word_1_66' title='bbox 1263 1542 1432 1615; x_wconf 91' lang='lat' dir='ltr'>nimirum</span> <span class='ocrx_word' id='word_1_67' title='bbox 1443 1561 1479 1616; x_wconf 89' lang='lat' dir='ltr'>et</span> 
     </span>
     <span class='ocr_line' id='line_1_12' title="bbox 474 1652 1480 1753; baseline 0.001 -27"><span class='ocrx_word' id='word_1_68' title='bbox 474 1652 679 1726; x_wconf 88' lang='lat' dir='ltr'>exhilaravit</span> <span class='ocrx_word' id='word_1_69' title='bbox 699 1652 868 1753; x_wconf 92' lang='lat' dir='ltr'>quosdam</span> <span class='ocrx_word' id='word_1_70' title='bbox 888 1653 1075 1727; x_wconf 87' lang='lat' dir='ltr'>astancium</span> <span class='ocrx_word' id='word_1_71' title='bbox 1098 1652 1255 1727; x_wconf 87' lang='lat' dir='ltr'>mirabile</span> <span class='ocrx_word' id='word_1_72' title='bbox 1274 1713 1282 1728; x_wconf 92' lang='lat'><strong>.</strong></span> <span class='ocrx_word' id='word_1_73' title='bbox 1301 1672 1337 1727; x_wconf 89' lang='lat' dir='ltr'>et</span> <span class='ocrx_word' id='word_1_74' title='bbox 1360 1653 1480 1728; x_wconf 89' lang='lat' dir='ltr'>savor-</span> 
     </span>
     <span class='ocr_line' id='line_1_13' title="bbox 475 1765 1477 1863; baseline 0.003 -25"><span class='ocrx_word' id='word_1_75' title='bbox 475 1766 564 1838; x_wconf 90' lang='lat' dir='ltr'>abile</span> <span class='ocrx_word' id='word_1_76' title='bbox 582 1790 672 1863; x_wconf 91' lang='lat' dir='ltr'>opus</span> <span class='ocrx_word' id='word_1_77' title='bbox 689 1766 887 1839; x_wconf 90' lang='lat' dir='ltr'>Salvatoris.</span> <span class='ocrx_word' id='word_1_78' title='bbox 940 1766 1039 1862; x_wconf 77' lang='lat' dir='ltr'>Quid</span> <span class='ocrx_word' id='word_1_79' title='bbox 1057 1766 1151 1839; x_wconf 91' lang='lat' dir='ltr'>enim</span> <span class='ocrx_word' id='word_1_80' title='bbox 1177 1765 1403 1840; x_wconf 87' lang='lat' dir='ltr'>favorabilius</span> <span class='ocrx_word' id='word_1_81' title='bbox 1421 1770 1477 1842; x_wconf 93' lang='lat' dir='ltr'>vel</span> 
     </span>
     <span class='ocr_line' id='line_1_14' title="bbox 389 1877 1480 1979; baseline 0.002 -28"><span class='ocrx_word' id='word_1_82' title='bbox 389 1892 394 1899; x_wconf 84' lang='lat'>&#39;</span> <span class='ocrx_word' id='word_1_83' title='bbox 474 1878 620 1977; x_wconf 90' lang='lat' dir='ltr'>cogitari</span> <span class='ocrx_word' id='word_1_84' title='bbox 639 1877 757 1977; x_wconf 91' lang='lat' dir='ltr'>potuit</span> <span class='ocrx_word' id='word_1_85' title='bbox 775 1904 882 1979; x_wconf 89' lang='lat' dir='ltr'>quam</span> <span class='ocrx_word' id='word_1_86' title='bbox 902 1896 943 1951; x_wconf 88' lang='lat' dir='ltr'>ut</span> <span class='ocrx_word' id='word_1_87' title='bbox 969 1905 1030 1952; x_wconf 86' lang='lat' dir='ltr'>rex</span> <span class='ocrx_word' id='word_1_88' title='bbox 1053 1878 1248 1952; x_wconf 89' lang='lat' dir='ltr'>seculorum</span> <span class='ocrx_word' id='word_1_89' title='bbox 1271 1878 1480 1953; x_wconf 87' lang='lat' dir='ltr'>immortalis</span> 
     </span>
     <span class='ocr_line' id='line_1_15' title="bbox 475 1990 1478 2091; baseline 0.004 -29"><span class='ocrx_word' id='word_1_90' title='bbox 475 1990 655 2063; x_wconf 78' lang='lat' dir='ltr'>invisibilis</span> <span class='ocrx_word' id='word_1_91' title='bbox 691 1990 869 2064; x_wconf 80' lang='lat' dir='ltr'>visibiliter</span> <span class='ocrx_word' id='word_1_92' title='bbox 910 1991 1095 2064; x_wconf 89' lang='lat' dir='ltr'>resalutare</span> <span class='ocrx_word' id='word_1_93' title='bbox 1137 1991 1317 2066; x_wconf 91' lang='lat' dir='ltr'>videretur</span> <span class='ocrx_word' id='word_1_94' title='bbox 1359 2017 1478 2091; x_wconf 86' lang='lat' dir='ltr'>regem</span> 
     </span>
     <span class='ocr_line' id='line_1_16' title="bbox 474 2102 1477 2179; baseline 0.004 -4"><span class='ocrx_word' id='word_1_95' title='bbox 474 2104 677 2178; x_wconf 83' lang='lat' dir='ltr'>mortalium</span> <span class='ocrx_word' id='word_1_96' title='bbox 720 2102 925 2176; x_wconf 90' lang='lat' dir='ltr'>miserorum</span> <span class='ocrx_word' id='word_1_97' title='bbox 969 2103 1176 2177; x_wconf 90' lang='lat' dir='ltr'>salutantem</span> <span class='ocrx_word' id='word_1_98' title='bbox 1216 2103 1248 2178; x_wconf 95' lang='lat' dir='ltr'>se</span> <span class='ocrx_word' id='word_1_99' title='bbox 1293 2162 1301 2178; x_wconf 94' lang='lat'><strong>.</strong></span> <span class='ocrx_word' id='word_1_100' title='bbox 1346 2123 1381 2179; x_wconf 91' lang='lat' dir='ltr'>et</span> <span class='ocrx_word' id='word_1_101' title='bbox 1416 2107 1477 2179; x_wconf 82' lang='lat' dir='ltr'>fibi</span> 
     </span>
     <span class='ocr_line' id='line_1_17' title="bbox 474 2216 1478 2320; baseline 0.004 -31"><span class='ocrx_word' id='word_1_102' title='bbox 474 2217 655 2291; x_wconf 90' lang='lat' dir='ltr'>humiliter</span> <span class='ocrx_word' id='word_1_103' title='bbox 673 2234 778 2316; x_wconf 91' lang='lat' dir='ltr'>caput</span> <span class='ocrx_word' id='word_1_104' title='bbox 796 2216 978 2290; x_wconf 92' lang='lat' dir='ltr'>inclinanti</span> <span class='ocrx_word' id='word_1_105' title='bbox 997 2235 1102 2315; x_wconf 89' lang='lat' dir='ltr'>caput</span> <span class='ocrx_word' id='word_1_106' title='bbox 1117 2217 1175 2289; x_wconf 85' lang='lat' dir='ltr'>fibi</span> <span class='ocrx_word' id='word_1_107' title='bbox 1190 2217 1285 2291; x_wconf 87' lang='lat' dir='ltr'>saxee</span> <span class='ocrx_word' id='word_1_108' title='bbox 1302 2219 1478 2320; x_wconf 83' lang='lat' dir='ltr'>ymaginis</span> 
     </span>
     <span class='ocr_line' id='line_1_18' title="bbox 474 2330 1474 2430; baseline 0.005 -28"><span class='ocrx_word' id='word_1_109' title='bbox 474 2356 581 2430; x_wconf 91' lang='lat' dir='ltr'>quam</span> <span class='ocrx_word' id='word_1_110' title='bbox 629 2330 817 2429; x_wconf 89' lang='lat' dir='ltr'>dignanter</span> <span class='ocrx_word' id='word_1_111' title='bbox 864 2347 938 2403; x_wconf 88' lang='lat' dir='ltr'>tarn</span> <span class='ocrx_word' id='word_1_112' title='bbox 986 2347 1021 2403; x_wconf 91' lang='lat' dir='ltr'>et</span> <span class='ocrx_word' id='word_1_113' title='bbox 1071 2348 1233 2427; x_wconf 91' lang='lat' dir='ltr'>potenter</span> <span class='ocrx_word' id='word_1_114' title='bbox 1281 2331 1474 2407; x_wconf 87' lang='lat' dir='ltr'>inclinare?</span> 
     </span>
     <span class='ocr_line' id='line_1_19' title="bbox 474 2442 1475 2539; baseline 0.004 -24"><span class='ocrx_word' id='word_1_115' title='bbox 474 2445 594 2539; x_wconf 73' lang='lat' dir='ltr'>Quam</span> <span class='ocrx_word' id='word_1_116' title='bbox 612 2442 862 2516; x_wconf 91' lang='lat' dir='ltr'>nichilominus</span> <span class='ocrx_word' id='word_1_117' title='bbox 878 2458 914 2516; x_wconf 96' lang='lat' dir='ltr'>et</span> <span class='ocrx_word' id='word_1_118' title='bbox 932 2443 1087 2516; x_wconf 90' lang='lat' dir='ltr'>terribile</span> <span class='ocrx_word' id='word_1_119' title='bbox 1104 2443 1299 2515; x_wconf 86' lang='lat' dir='ltr'>infirmitati</span> <span class='ocrx_word' id='word_1_120' title='bbox 1323 2445 1475 2519; x_wconf 89' lang='lat' dir='ltr'>humane</span> 
     </span>
     <span class='ocr_line' id='line_1_20' title="bbox 474 2554 1476 2633; baseline 0.005 -5"><span class='ocrx_word' id='word_1_121' title='bbox 474 2554 542 2629; x_wconf 90' lang='lat' dir='ltr'>suit</span> <span class='ocrx_word' id='word_1_122' title='bbox 565 2573 638 2629; x_wconf 89' lang='lat' dir='ltr'>tam</span> <span class='ocrx_word' id='word_1_123' title='bbox 656 2555 795 2630; x_wconf 88' lang='lat' dir='ltr'>insolita</span> <span class='ocrx_word' id='word_1_124' title='bbox 812 2557 931 2629; x_wconf 88' lang='lat' dir='ltr'>videre</span> <span class='ocrx_word' id='word_1_125' title='bbox 955 2573 995 2628; x_wconf 92' lang='lat' dir='ltr'>ut</span> <span class='ocrx_word' id='word_1_126' title='bbox 1020 2572 1143 2629; x_wconf 89' lang='lat' dir='ltr'>contra</span> <span class='ocrx_word' id='word_1_127' title='bbox 1168 2574 1330 2630; x_wconf 89' lang='lat' dir='ltr'>naturam</span> <span class='ocrx_word' id='word_1_128' title='bbox 1357 2557 1476 2633; x_wconf 91' lang='lat' dir='ltr'>saxum</span> 
     </span>
     <span class='ocr_line' id='line_1_21' title="bbox 472 2667 1476 2770; baseline 0.004 -28"><span class='ocrx_word' id='word_1_129' title='bbox 472 2671 666 2745; x_wconf 74' lang='lat' dir='ltr'>flecteretur</span> <span class='ocrx_word' id='word_1_130' title='bbox 692 2687 728 2744; x_wconf 91' lang='lat' dir='ltr'>et</span> <span class='ocrx_word' id='word_1_131' title='bbox 763 2669 861 2770; x_wconf 94' lang='lat' dir='ltr'>quod</span> <span class='ocrx_word' id='word_1_132' title='bbox 895 2667 997 2768; x_wconf 90' lang='lat' dir='ltr'>supra</span> <span class='ocrx_word' id='word_1_133' title='bbox 1031 2685 1190 2742; x_wconf 88' lang='lat' dir='ltr'>naturam</span> <span class='ocrx_word' id='word_1_134' title='bbox 1224 2669 1273 2742; x_wconf 87' lang='lat' dir='ltr'>est</span> <span class='ocrx_word' id='word_1_135' title='bbox 1305 2673 1406 2744; x_wconf 92' lang='lat' dir='ltr'>Deus</span> <span class='ocrx_word' id='word_1_136' title='bbox 1440 2673 1476 2747; x_wconf 91' lang='lat' dir='ltr'>in</span> 
     </span>
     <span class='ocr_line' id='line_1_22' title="bbox 474 2782 1477 2883; baseline 0.005 -28"><span class='ocrx_word' id='word_1_137' title='bbox 474 2783 532 2857; x_wconf 90' lang='lat' dir='ltr'>sua</span> <span class='ocrx_word' id='word_1_138' title='bbox 571 2783 734 2883; x_wconf 90' lang='lat' dir='ltr'>ymagine</span> <span class='ocrx_word' id='word_1_139' title='bbox 765 2783 900 2856; x_wconf 92' lang='lat' dir='ltr'>homini</span> <span class='ocrx_word' id='word_1_140' title='bbox 936 2782 1102 2855; x_wconf 87' lang='lat' dir='ltr'>inclinare</span> <span class='ocrx_word' id='word_1_141' title='bbox 1136 2787 1351 2859; x_wconf 82' lang='lat' dir='ltr'>temeretur!</span> <span class='ocrx_word' id='word_1_142' title='bbox 1420 2788 1477 2860; x_wconf 92' lang='lat' dir='ltr'>De</span> 
     </span>
     <span class='ocr_line' id='line_1_23' title="bbox 472 2893 1477 2995; baseline 0.006 -28"><span class='ocrx_word' id='word_1_143' title='bbox 472 2896 539 2969; x_wconf 92' lang='lat' dir='ltr'>hoc</span> <span class='ocrx_word' id='word_1_144' title='bbox 557 2896 746 2995; x_wconf 90' lang='lat' dir='ltr'>veroquid</span> <span class='ocrx_word' id='word_1_145' title='bbox 772 2896 927 2970; x_wconf 88' lang='lat' dir='ltr'>dicemus</span> <span class='ocrx_word' id='word_1_146' title='bbox 951 2897 1049 2994; x_wconf 92' lang='lat' dir='ltr'>quod</span> <span class='ocrx_word' id='word_1_147' title='bbox 1075 2893 1135 2967; x_wconf 89' lang='lat' dir='ltr'>ubi</span> <span class='ocrx_word' id='word_1_148' title='bbox 1159 2921 1214 2968; x_wconf 89' lang='lat' dir='ltr'>ars</span> <span class='ocrx_word' id='word_1_149' title='bbox 1239 2895 1391 2971; x_wconf 90' lang='lat' dir='ltr'>humana</span> <span class='ocrx_word' id='word_1_150' title='bbox 1413 2925 1477 2973; x_wconf 92' lang='lat' dir='ltr'>nec</span> 
     </span>
     <span class='ocr_line' id='line_1_24' title="bbox 471 3006 1475 3109; baseline 0.006 -29"><span class='ocrx_word' id='word_1_151' title='bbox 471 3026 614 3081; x_wconf 90' lang='lat' dir='ltr'>tenuem</span> <span class='ocrx_word' id='word_1_152' title='bbox 634 3008 746 3081; x_wconf 89' lang='lat' dir='ltr'>valuit</span> <span class='ocrx_word' id='word_1_153' title='bbox 772 3008 890 3082; x_wconf 92' lang='lat' dir='ltr'>divine</span> <span class='ocrx_word' id='word_1_154' title='bbox 908 3007 1081 3106; x_wconf 85' lang='lat' dir='ltr'>ymaginis</span> <span class='ocrx_word' id='word_1_155' title='bbox 1100 3006 1277 3107; x_wconf 84' lang='lat' dir='ltr'>perforare</span> <span class='ocrx_word' id='word_1_156' title='bbox 1295 3012 1447 3109; x_wconf 86' lang='lat' dir='ltr'>palmam</span> <span class='ocrx_word' id='word_1_157' title='bbox 1466 3069 1475 3086; x_wconf 87' lang='lat'><strong>.</strong></span> 
     </span>
     <span class='ocr_line' id='line_1_25' title="bbox 473 3120 1476 3223; baseline 0.006 -31"><span class='ocrx_word' id='word_1_158' title='bbox 473 3120 522 3192; x_wconf 90' lang='lat' dir='ltr'>ibi</span> <span class='ocrx_word' id='word_1_159' title='bbox 557 3146 686 3220; x_wconf 92' lang='lat' dir='ltr'>ymago</span> <span class='ocrx_word' id='word_1_160' title='bbox 720 3120 792 3219; x_wconf 95' lang='lat' dir='ltr'>ipsa</span> <span class='ocrx_word' id='word_1_161' title='bbox 820 3120 946 3193; x_wconf 85' lang='lat' dir='ltr'>flexisse</span> <span class='ocrx_word' id='word_1_162' title='bbox 976 3120 1047 3194; x_wconf 91' lang='lat' dir='ltr'>visa</span> <span class='ocrx_word' id='word_1_163' title='bbox 1073 3121 1121 3194; x_wconf 90' lang='lat' dir='ltr'>est</span> <span class='ocrx_word' id='word_1_164' title='bbox 1150 3121 1317 3195; x_wconf 86' lang='lat' dir='ltr'>cervicem</span> <span class='ocrx_word' id='word_1_165' title='bbox 1348 3149 1476 3223; x_wconf 89' lang='lat' dir='ltr'>corpu-</span> 
     </span>
    </p>
   </div>
   <div class='ocr_carea' id='block_1_3' title="bbox 472 3234 1589 3313">
    <p class='ocr_par' dir='ltr' id='par_1_3' title="bbox 472 3234 1589 3313">
     <span class='ocr_line' id='line_1_26' title="bbox 472 3234 1589 3313; baseline 0.008 -8"><span class='ocrx_word' id='word_1_166' title='bbox 472 3235 627 3308; x_wconf 90' lang='lat' dir='ltr'>lentam?</span> <span class='ocrx_word' id='word_1_167' title='bbox 680 3236 789 3309; x_wconf 92' lang='lat' dir='ltr'>Sudat</span> <span class='ocrx_word' id='word_1_168' title='bbox 818 3234 927 3306; x_wconf 91' lang='lat' dir='ltr'>homo</span> <span class='ocrx_word' id='word_1_169' title='bbox 953 3234 1077 3308; x_wconf 86' lang='lat' dir='ltr'>artifex</span> <span class='ocrx_word' id='word_1_170' title='bbox 1107 3253 1142 3309; x_wconf 89' lang='lat' dir='ltr'>et</span> <span class='ocrx_word' id='word_1_171' title='bbox 1170 3262 1328 3309; x_wconf 87' lang='lat' dir='ltr'>cruorem</span> <span class='ocrx_word' id='word_1_172' title='bbox 1362 3237 1476 3313; x_wconf 89' lang='lat' dir='ltr'>elicit:</span> <span class='ocrx_word' id='word_1_173' title='bbox 1583 3247 1589 3259; x_wconf 87' lang='lat'>&#39;</span> 
     </span>
    </p>
   </div>
   <div class='ocr_carea' id='block_1_4' title="bbox 470 3345 1477 3762">
    <p class='ocr_par' dir='ltr' id='par_1_4' title="bbox 470 3345 1477 3762">
     <span class='ocr_line' id='line_1_27' title="bbox 473 3345 1477 3445; baseline 0.005 -26"><span class='ocrx_word' id='word_1_174' title='bbox 473 3345 632 3420; x_wconf 87' lang='lat' dir='ltr'>foramen</span> <span class='ocrx_word' id='word_1_175' title='bbox 662 3373 747 3421; x_wconf 89' lang='lat' dir='ltr'>vero</span> <span class='ocrx_word' id='word_1_176' title='bbox 777 3347 814 3420; x_wconf 93' lang='lat' dir='ltr'>in</span> <span class='ocrx_word' id='word_1_177' title='bbox 849 3372 955 3420; x_wconf 91' lang='lat' dir='ltr'>manu</span> <span class='ocrx_word' id='word_1_178' title='bbox 990 3347 1169 3445; x_wconf 89' lang='lat' dir='ltr'>lapideum</span> <span class='ocrx_word' id='word_1_179' title='bbox 1202 3348 1334 3422; x_wconf 63' lang='lat' dir='ltr'>efficit!</span> <span class='ocrx_word' id='word_1_180' title='bbox 1385 3353 1477 3424; x_wconf 90' lang='lat' dir='ltr'>Orat</span> 
     </span>
     <span class='ocr_line' id='line_1_28' title="bbox 471 3460 1475 3536; baseline 0.005 -5"><span class='ocrx_word' id='word_1_181' title='bbox 471 3460 580 3533; x_wconf 94' lang='lat' dir='ltr'>homo</span> <span class='ocrx_word' id='word_1_182' title='bbox 619 3460 656 3533; x_wconf 93' lang='lat' dir='ltr'>in</span> <span class='ocrx_word' id='word_1_183' title='bbox 695 3460 792 3534; x_wconf 91' lang='lat' dir='ltr'>brevi</span> <span class='ocrx_word' id='word_1_184' title='bbox 828 3460 998 3534; x_wconf 82' lang='lat' dir='ltr'>desiturus</span> <span class='ocrx_word' id='word_1_185' title='bbox 1030 3461 1095 3533; x_wconf 82' lang='lat' dir='ltr'>else</span> <span class='ocrx_word' id='word_1_186' title='bbox 1129 3488 1191 3534; x_wconf 91' lang='lat' dir='ltr'>rex</span> <span class='ocrx_word' id='word_1_187' title='bbox 1225 3519 1234 3535; x_wconf 92' lang='lat'><strong>.</strong></span> <span class='ocrx_word' id='word_1_188' title='bbox 1270 3480 1305 3534; x_wconf 88' lang='lat' dir='ltr'>et</span> <span class='ocrx_word' id='word_1_189' title='bbox 1343 3464 1475 3536; x_wconf 89' lang='lat' dir='ltr'>collum</span> 
     </span>
     <span class='ocr_line' id='line_1_29' title="bbox 472 3573 1476 3674; baseline 0.003 -28"><span class='ocrx_word' id='word_1_190' title='bbox 472 3574 650 3672; x_wconf 90' lang='lat' dir='ltr'>lapideum</span> <span class='ocrx_word' id='word_1_191' title='bbox 684 3573 785 3673; x_wconf 94' lang='lat' dir='ltr'>quod</span> <span class='ocrx_word' id='word_1_192' title='bbox 820 3599 926 3647; x_wconf 89' lang='lat' dir='ltr'>manu</span> <span class='ocrx_word' id='word_1_193' title='bbox 961 3573 1114 3647; x_wconf 90' lang='lat' dir='ltr'>hominis</span> <span class='ocrx_word' id='word_1_194' title='bbox 1140 3592 1175 3647; x_wconf 96' lang='lat' dir='ltr'>et</span> <span class='ocrx_word' id='word_1_195' title='bbox 1202 3575 1225 3646; x_wconf 83' lang='lat' dir='ltr'>st</span> <span class='ocrx_word' id='word_1_196' title='bbox 1255 3575 1476 3674; x_wconf 89' lang='lat' dir='ltr'>aliquatenus</span> 
     </span>
     <span class='ocr_line' id='line_1_30' title="bbox 470 3685 1475 3762; baseline 0.003 -3"><span class='ocrx_word' id='word_1_197' title='bbox 470 3685 647 3760; x_wconf 85' lang='lat' dir='ltr'>foraretur</span> <span class='ocrx_word' id='word_1_198' title='bbox 676 3688 877 3760; x_wconf 86' lang='lat' dir='ltr'>nullatenus</span> <span class='ocrx_word' id='word_1_199' title='bbox 907 3703 1023 3760; x_wconf 92' lang='lat' dir='ltr'>tamen</span> <span class='ocrx_word' id='word_1_200' title='bbox 1053 3687 1246 3760; x_wconf 65' lang='lat' dir='ltr'>flecteretur</span> <span class='ocrx_word' id='word_1_201' title='bbox 1281 3744 1289 3761; x_wconf 91' lang='lat'>.</span> <span class='ocrx_word' id='word_1_202' title='bbox 1325 3688 1475 3762; x_wconf 77' lang='lat' dir='ltr'>flectitur</span> 
     </span>
    </p>
   </div>
   <div class='ocr_carea' id='block_1_5' title="bbox 470 3825 1479 4148">
    <p class='ocr_par' dir='ltr' id='par_1_5' title="bbox 510 3825 1034 3897">
     <span class='ocr_line' id='line_1_31' title="bbox 510 3825 1034 3897; baseline 0.002 -13"><span class='ocrx_word' id='word_1_203' title='bbox 510 3826 521 3865; x_wconf 93' lang='lat'>¹</span> <span class='ocrx_word' id='word_1_204' title='bbox 543 3825 602 3896; x_wconf 86' lang='lat' dir='ltr'>H.;</span> <span class='ocrx_word' id='word_1_205' title='bbox 622 3827 742 3897; x_wconf 89' lang='lat' dir='ltr'>obtenti,</span> <span class='ocrx_word' id='word_1_206' title='bbox 758 3827 823 3896; x_wconf 87' lang='lat' dir='ltr'>M.;</span> <span class='ocrx_word' id='word_1_207' title='bbox 843 3826 979 3897; x_wconf 90' lang='lat' dir='ltr'>obstento‚</span> <span class='ocrx_word' id='word_1_208' title='bbox 994 3827 1034 3885; x_wconf 88' lang='lat' dir='ltr'>G.</span> 
     </span>
    </p>

    <p class='ocr_par' dir='ltr' id='par_1_6' title="bbox 509 3905 843 3986">
     <span class='ocr_line' id='line_1_32' title="bbox 509 3905 843 3986; baseline 0.003 -21"><span class='ocrx_word' id='word_1_209' title='bbox 509 3905 522 3945; x_wconf 80' lang='lat'><strong>²</strong></span> <span class='ocrx_word' id='word_1_210' title='bbox 546 3907 658 3978; x_wconf 81' lang='lat' dir='ltr'><strong>H.M.;</strong></span> <span class='ocrx_word' id='word_1_211' title='bbox 680 3925 788 3986; x_wconf 86' lang='lat' dir='ltr'>tropeo,</span> <span class='ocrx_word' id='word_1_212' title='bbox 804 3907 843 3966; x_wconf 90' lang='lat' dir='ltr'>G.</span> 
     </span>
    </p>

    <p class='ocr_par' dir='ltr' id='par_1_7' title="bbox 470 3986 1479 4148">
     <span class='ocr_line' id='line_1_33' title="bbox 509 3986 1479 4066; baseline 0.003 -20"><span class='ocrx_word' id='word_1_213' title='bbox 509 3986 521 4022; x_wconf 73' lang='lat'><strong>³</strong></span> <span class='ocrx_word' id='word_1_214' title='bbox 543 3988 651 4058; x_wconf 87' lang='lat' dir='ltr'><strong>H.M.;</strong></span> <span class='ocrx_word' id='word_1_215' title='bbox 676 3990 811 4064; x_wconf 83' lang='lat' dir='ltr'>imaginis,</span> <span class='ocrx_word' id='word_1_216' title='bbox 826 3988 884 4058; x_wconf 88' lang='lat' dir='ltr'>G.;</span> <span class='ocrx_word' id='word_1_217' title='bbox 908 3989 962 4046; x_wconf 83' lang='lat' dir='ltr'>and</span> <span class='ocrx_word' id='word_1_218' title='bbox 978 3988 1108 4066; x_wconf 80' lang='lat' dir='ltr'>similarly</span> <span class='ocrx_word' id='word_1_219' title='bbox 1123 3990 1296 4066; x_wconf 85' lang='lat' dir='ltr'>throughout</span> <span class='ocrx_word' id='word_1_220' title='bbox 1311 3989 1341 4047; x_wconf 90' lang='lat' dir='ltr'>in</span> <span class='ocrx_word' id='word_1_221' title='bbox 1356 3986 1430 4048; x_wconf 85' lang='lat' dir='ltr'>cases</span> <span class='ocrx_word' id='word_1_222' title='bbox 1443 3990 1479 4049; x_wconf 86' lang='lat' dir='ltr'>ol</span> 
     </span>
     <span class='ocr_line' id='line_1_34' title="bbox 470 4068 1433 4148; baseline 0.005 -24"><span class='ocrx_word' id='word_1_223' title='bbox 470 4068 524 4125; x_wconf 82' lang='lat' dir='ltr'>this</span> <span class='ocrx_word' id='word_1_224' title='bbox 538 4068 624 4128; x_wconf 88' lang='lat' dir='ltr'>word.</span> <span class='ocrx_word' id='word_1_225' title='bbox 1021 4071 1034 4108; x_wconf 81' lang='lat'><strong>⁴</strong></span> <span class='ocrx_word' id='word_1_226' title='bbox 1055 4071 1114 4140; x_wconf 87' lang='lat' dir='ltr'>H.;</span> <span class='ocrx_word' id='word_1_227' title='bbox 1137 4069 1221 4148; x_wconf 90' lang='lat' dir='ltr'>[non]</span> <span class='ocrx_word' id='word_1_228' title='bbox 1233 4070 1327 4141; x_wconf 87' lang='lat' dir='ltr'>efficit,</span> <span class='ocrx_word' id='word_1_229' title='bbox 1344 4068 1433 4130; x_wconf 87' lang='lat' dir='ltr'><strong>M.G.</strong></span> 
     </span>
    </p>
   </div>
   <div class='ocr_carea' id='block_1_6' title="bbox 0 0 1974 5610">
    <p class='ocr_par' dir='ltr' id='par_1_8' title="bbox 0 0 1974 5610">
     <span class='ocr_line' id='line_1_35' title="bbox 0 0 1974 5610; baseline 0 2"><span class='ocrx_word' id='word_1_230' title='bbox 0 0 1974 5610; x_wconf 95' lang='lat' dir='ltr'> </span> 
     </span>
    </p>
   </div>
  </div>
 </body>
</html>
