1271 1567
587 482 616 500 Dr
631 489 688 501 rxrru
702 489 791 501 rx'ruuo
804 483 905 502 ΗΛιοι-οι,

576 550 582 552 s
595 550 596 553 ,
605 533 828 557 PPROPINQUANTE
836 537 896 551 autem
902 533 931 551 die
939 533 997 552 exitus

629 561 739 579 venerabilis1
753 561 787 579 viri
799 561 878 580 Haroldi
892 566 997 586 perventum

628 589 653 608 est
665 589 687 607 ad
700 589 734 607 hoc
743 589 792 614 quod
805 594 882 608 extreme
895 590 997 608 neceffitatis

629 621 703 642 urgente
720 617 794 635 articulo
811 617 839 635 vir
855 617 921 636 sanstus
937 617 996 636 viatici

494 645 572 664 salutaris
581 646 667 670 mdigeret
673 645 736 663 solacio
745 659 749 664 .
759 645 814 664 Unde
819 645 902 664 accedens
908 645 986 664 sacerdos
992 660 996 664 .

494 680 547 699 quem
556 681 590 699 ego
603 674 647 692 bene
660 673 701 692 novi
710 673 791 692 Andreas
804 673 875 692 nomine
884 688 889 692 .
898 674 920 692 de
929 674 996 692 ecclesia

494 702 545 721 sanffi
554 701 640 726 Johannis
649 716 653 720 .
663 701 753 720 infirmum
761 701 840 720 visitabat
849 706 867 720 et
878 701 903 720 illi
912 701 996 727 quiquid²

494 737 533 749 mos
547 730 602 755 exigit
616 729 723 749 Christianus
731 729 796 748 devote
807 730 905 748 exhibebat.
932 730 997 748 Extre-

494 765 541 777 mam
550 765 593 777 vero
601 758 653 783 ipfius
661 758 733 776 audiens
739 757 862 776 consessionem
871 765 912 776 eum
921 758 997 776 interro-

494 787 544 812 gavit
554 787 605 812 cujus
616 786 725 805 condicionis
733 786 760 804 vir
769 786 829 804 fuerit.
855 786 889 805 Cui
901 786 930 805 ille
944 801 948 805 .
962 789 974 797 “
979 786 996 805 Si

495 815 548 833 michi
563 814 627 833 dixeris
641 814 659 832 in
673 814 727 832 verbo
741 814 814 832 Domini
828 814 878 839 quod
890 821 918 833 rne
926 814 997 833 vivente

495 843 544 868 quod
551 842 582 861 tibi
591 842 654 861 dixero
661 842 705 860 nulli
711 842 817 867 propalabis⁸
826 842 927 861 satisfaciam
933 842 997 861 rationi

495 874 526 889 tue
534 870 694 895 interrogationis.’¹
718 870 752 888 Cui
761 870 844 888 sacerdos.
871 873 882 881 “
889 871 909 889 ln
919 870 997 895 periculo

496 898 553 916 anime
562 905 600 916 mee
615 898 655 916 dico
670 898 702 916 tibi
711 898 760 923 quod
775 898 860 923 quicquid
874 898 918 917 mihi
933 898 998 917 dixeris

496 926 579 945 omnibus
591 926 624 944 erit
639 926 750 951 incognitum
763 940 767 945 .
782 926 836 951 usque
848 933 885 952 quo
898 931 997 945 extremum

496 954 579 973 efflaveris
588 954 679 972 halitum”
705 955 754 972 Tum
766 954 796 972 ille
806 968 810 973 .
820 955 904 973 “Verum
916 955 940 973 est
948 955 998 980 quod

496 989 527 1001 rex
537 982 563 1001 fui
573 983 663 1007 quondam
672 982 737 1007 Anglie
749 982 843 1001 Haroldus
856 983 927 1001 nomine
937 997 941 1001 .
951 989 997 1001 nunc

497 1015 556 1029 autem
570 1017 636 1035 pauper
650 1015 667 1028 et
680 1010 740 1035 jacens
753 1010 771 1028 in
786 1010 843 1029 cinere
853 1025 856 1029 .
866 1015 884 1029 et
893 1015 913 1029 ut
924 1011 997 1029 celarem

497 1045 561 1057 nomen
579 1045 638 1057 meum
655 1038 738 1063 appellari
757 1045 784 1056 rne
801 1038 835 1057 feci
852 1038 924 1057 nomine.
937 1039 998 1057 Chris-

497 1067 581 1085 tianum.'’

517 1103 522 1112 ¹
533 1103 578 1118 HM.
583 1109 588 1121 ς
598 1101 724 1141 venenlzililiitzGG}
735 1102 845 1143 pmprlatith-lf.
853 1103 925 1123 quicquid,
933 1103 978 1118 ΜΕ,
