3938 5610
572 294 581 338 l

489 428 541 538 78
774 429 862 508 Vita
892 426 1057 508 Haroldi
1082 431 1213 536 Regts.

484 635 594 708 celesti
620 635 760 708 oraculo
786 635 844 708 srbi
870 635 1102 737 designatam:
1128 636 1260 711 accedit
1280 693 1288 709 .
1307 654 1342 709 et
1368 653 1493 735 gratu·

485 749 596 821 lanter
626 748 791 847 accipitur
827 805 834 821 .
865 747 987 848 hospes
1014 750 1136 822 celitus
1163 749 1360 824 destinatus.
1415 751 1494 823 Mi·

484 879 642 962 graverat
677 859 752 933 sane
780 860 824 933 ab
854 861 917 934 hac
944 863 1021 935 luce
1048 862 1092 936 de
1126 863 1254 937 recenti
1284 862 1491 936 venerabilis

485 975 682 1049 anachorita
715 972 869 1074 ejusdem
909 975 976 1049 loci
1011 973 1158 1049 casulam
1194 974 1288 1050 suam
1322 975 1493 1051 divinitus

485 1087 623 1188 proviso
639 1090 763 1163 cedens
780 1086 983 1161 sanstiffimo
1000 1085 1185 1162 successori.
1238 1086 1390 1188 Suscepit
1407 1114 1492 1162 vero

462 1201 672 1276 letabunda
695 1216 731 1274 et
748 1201 903 1301 gaudens
922 1257 930 1273 .
948 1200 1029 1273 licet
1051 1198 1210 1298 quisnam
1235 1200 1344 1275 eliet'.
1363 1201 1493 1275 oercius

486 1340 557 1387 non
574 1312 760 1414 agnoscens
776 1338 893 1413 regem
920 1311 1019 1386 suum
1046 1313 1115 1385 lilia
1131 1313 1226 1410 Syon
1243 1314 1377 1387 ecclesia
1393 1313 1493 1389 vide-

485 1428 565 1500 licet
579 1443 769 1500 memorata
780 1424 953 1501 sedentem
965 1425 1118 1525 ignobile
1131 1425 1274 1525 quidem
1288 1424 1467 1527 subjugale
1481 1483 1490 1501 .

487 1539 639 1613 sanstum
665 1555 782 1612 tamen
799 1554 834 1610 et
861 1537 920 1610 srbi
938 1539 1135 1611 venientem
1161 1538 1198 1611 in
1215 1537 1380 1612 omnibus
1404 1537 1494 1613 salu-

485 1671 605 1726 tarem.
660 1651 794 1724 Ibidem
813 1677 954 1750 quoque
981 1677 1124 1723 manens
1148 1677 1168 1723 a
1191 1651 1407 1725 visitantibus
1429 1652 1491 1727 se.

485 1784 521 1839 et
538 1791 607 1864 que
624 1763 855 1837 edificacionis
872 1781 969 1836 erant
996 1763 1039 1835 ab
1057 1789 1106 1836 eo·
1119 1763 1378 1861 reportantibus
1397 1821 1405 1838 .
1425 1763 1494 1839 sre-

486 1893 632 1977 quenter
658 1876 838 1975 requisitus
854 1901 899 1948 an
918 1876 1009 1948 bello
1027 1874 1087 1948 ubi
1105 1900 1166 1949 rex
1185 1876 1369 1950 Haroldus
1385 1903 1493 1951 occu-

485 1988 774 2064 buisseferebatur
791 1987 1012 2063 interfuisset:
1037 1987 1264 2088 respondebat
1284 2047 1292 2063 .
1313 1990 1494 2065 “Interfui

485 2104 619 2202 plane.''
671 2100 928 2200 Suspicantibus
943 2126 1028 2175 vero
1045 2103 1221 2175 nonnullis
1242 2112 1288 2176 ‘ne
1306 2101 1393 2176 sorte
1421 2102 1493 2202 ipse

485 2215 567 2288 esset
584 2214 784 2288 Haroldus:
803 2231 839 2287 et
856 2214 1019 2287 curiosius
1036 2214 1159 2312 quoat1
1177 2215 1275 2288 licuit
1289 2216 1370 2290 inde
1384 2216 1494 2290 scisci-

487 2327 641 2400 tantibus
654 2325 881 2427 aliquociens2
893 2327 941 2400 ita
954 2327 998 2400 de
1012 2326 1043 2400 se
1057 2327 1266 2427 loquebatur
1280 2386 1288 2402 .
1309 2332 1494 2426 “Quando

487 2441 581 2540 apud
599 2440 789 2540 Hastingas
805 2439 1010 2514 dimicatum
1027 2438 1094 2514 est:
1120 2441 1236 2513 nullus
1252 2441 1418 2517 Haroldo
1436 2469 1493 2516 me

487 2555 597 2628 carior
614 2554 838 2628 habebatur.”
879 2551 1098 2653 Hujusmodi
1117 2571 1156 2627 ut
1174 2555 1223 2627 ita
1240 2554 1376 2629 dicatur
1393 2555 1495 2629 semi-

373 2678 456 2728 ,aon
487 2666 616 2741 verbiis
642 2667 828 2765 ancipitem
858 2668 902 2741 de
932 2664 965 2739 se
995 2667 1080 2739 nulli
1107 2667 1309 2765 opinionem
1334 2668 1493 2742 firmabat

488 2780 609 2879 pocius
634 2779 670 2852 in
698 2777 765 2852 suis
792 2778 997 2879 conjetturis
1019 2804 1125 2877 quam
1151 2777 1188 2850 in
1211 2779 1366 2853 veritatis
1391 2782 1495 2855 certi-

488 2891 627 2967 tudine8
662 2891 897 2965 confirmabat.
966 2892 1276 2988 Quemadmodum
1318 2919 1403 2966 vero
1445 2895 1493 2968 rei

489 3004 595 3106 hujus
611 3005 789 3078 evidencia
812 3004 976 3077 universrs
993 3004 1136 3078 demum
1162 3005 1275 3103 palam
1303 3005 1495 3079 innotuerit

491 3143 562 3190 non
594 3116 697 3190 nostri
729 3115 786 3192 sed
814 3117 880 3190 viri
907 3117 1112 3191 venerabilis
1142 3143 1248 3218 quem
1274 3118 1310 3192 in
1341 3117 1495 3218 ejusdem

489 3228 731 3303 anachoreseos
771 3230 1025 3303 inhabitacione
1066 3229 1188 3303 habuit
1229 3229 1449 3305 successorem
1486 3290 1494 3307 .

489 3343 604 3417 verbis
630 3341 770 3416 inferius
795 3343 1019 3442 exprimetur.

570 3499 581 3538 ¹
603 3497 712 3567 H.M.;
734 3497 890 3636 quodeG.
973 3579 980 3593 1
1014 3497 1053 3637 d}
1074 3497 1358 3639 H.MM;61iquoties‚
1374 3501 1413 3560 G.

861 3594 1012 3650 .;cert1tu
1035 3599 1120 3652 mem,
1175 3626 1181 3640 .
1218 3624 1226 3639 .
1487 3595 1489 3600 '
