1271 1567
408 434 463 459 ,Quod
474 434 561 452 divinitus
575 434 672 458 dfflvofitum
682 434 723 458 fui!
737 438 757 452 ut
768 434 816 452 homo
829 434 859 457 iste
867 435 885 452 in

383 468 437 486 regem
445 463 540 486 erigeretur
552 466 569 480 et
581 462 623 480 aliis
635 463 688 480 villis
700 462 777 485 hostibus
789 462 812 480 ab
820 468 838 480 eo
848 476 852 480 .
862 462 885 480 ab

383 490 424 508 aliis
437 491 471 514 iffi
483 491 541 508 villus
554 496 565 508 a
578 496 628 514 regno
644 490 737 508 deiceretur
751 504 755 508 .
767 494 784 508 et
799 490 820 508 de
835 490 884 508 Ana-

383 518 452 537 cborita
470 518 521 536 valde
538 518 615 542 religiosa
633 519 664 564 ¹qui
685 518 760 541 minister
778 518 830 542 ipstus
846 518 886 542 jam

376 546 460 570 solitarii
463 546 533 570 fuerat.
577 560 581 564 .
745 560 749 564 .
801 560 806 564 .
857 546 886 570 iiij

475 602 479 609 -⁴
496 596 536 614 UIS
553 596 602 614 novit
619 596 711 614 hominum
729 596 820 621 quomodo
837 602 886 614 com-

520 624 614 649 pingantur
635 624 669 643 offa
691 624 766 642 hominis
786 624 805 642 in
825 628 885 642 ventre

520 652 632 677 pregnantis?
658 653 704 676 Quis
725 658 767 671 vero
788 652 836 670 scivit
857 652 884 670 vel

519 680 560 699 scire
573 681 637 705 poterit
647 695 651 698 .
660 680 704 705 quid
718 681 804 699 conducat
817 680 884 698 homini

383 708 401 726 in
410 709 446 727 vita
454 708 495 727 sua?
521 709 628 727 Dominatur
641 709 744 733 plerumque
754 709 808 727 homo
817 708 884 727 homini

383 736 401 755 in
418 737 484 755 malum
503 736 559 755 suum.
591 737 702 761 Deprimitur
722 743 850 761 nonnunquam
867 741 885 755 et

383 764 466 783 subicitur
483 765 505 784 ab
522 764 593 784 homine
610 765 665 783 homo
681 764 759 783 homini:
781 765 799 783 in
817 765 884 783 bonum

383 792 439 811 suum.
470 793 497 811 Sic
515 793 533 811 in
551 793 618 811 servum
640 792 727 811 servorum
749 793 830 811 fiatribus
851 793 885 811 suis

383 821 469 840 addicitur
486 821 568 840 Chanazn
587 835 591 839 .
609 821 631 839 fic
648 827 710 839 manus
726 821 790 846 Joseph
810 821 885 840 fiaterno

383 850 450 868 addiete
468 849 523 868 zelo:
537 849 555 867 in
573 849 668 874 Chnphmo
689 849 789 868 servierunt.
822 849 849 868 Sic
866 854 884 868 et

383 877 475 896 Haroldus
487 877 542 896 noster
556 882 576 895 ut
587 878 609 896 ad
620 877 727 902 propofitum
742 878 833 896 redeamus
846 882 885 896 tan-

383 912 436 930 quam
454 905 504 930 super
521 910 594 924 ventum
611 905 669 923 subito
686 905 763 924 elevatur
779 910 797 924 et
814 910 884 930 repente

383 933 454 952 eliditur
458 934 520 952 valide.
547 934 610 959 Regno
616 933 680 958 pariter
688 934 792 952 acclamante
798 934 817 952 in
826 940 885 959 regern

383 962 456 986 erigitur
465 976 469 980 .
479 962 518 980 celis
526 962 557 987 qui
564 962 662 986 irruperant
671 961 746 980 barban-is
754 962 810 980 vistor
818 962 840 980 ab
849 963 884 980 acie

383 996 424 1008 curn
437 990 528 1014 triumpho
540 990 637 1008 revertitur.
664 990 758 1008 Recentem
771 990 884 1015 supervenisse

384 1018 449 1036 hostem
459 1022 479 1036 ut
492 1018 541 1036 audit
550 1024 586 1036 non
599 1018 662 1036 metuit
672 1032 676 1036 .
687 1017 715 1036 sed
724 1018 794 1036 insultat
802 1018 885 1036 extermi-

383 1046 440 1065 natori
449 1046 480 1065 suo
488 1046 542 1065 veluti
556 1046 636 1071 protinus
648 1046 780 1065 exterminando
789 1047 884 1065 occurfitat.

384 1075 451 1093 Manus
465 1074 550 1093 conserit:
563 1079 580 1093 et
597 1074 674 1093 concidit
687 1074 800 1100 congreditur
812 1079 830 1093 et
843 1081 885 1093 con-

384 1102 459 1121 sciditur.
491 1102 602 1121 Consciditur
619 1103 692 1128 quidem
709 1107 726 1121 et
743 1103 820 1121 concidit
838 1118 842 1121 .
861 1103 885 1121 set
