4050 5640
725 438 775 519 88
1007 438 1097 520 Vita
1125 439 1290 520 Harolai
1315 439 1441 549 Regis.

724 648 934 723 narracionis
957 648 1040 741 serie
1057 649 1126 723 illis
1142 650 1283 725 videtur
1308 649 1462 726 accidisse
1482 708 1490 724 .
1509 649 1571 751 qui
1594 650 1722 724 rationi

723 760 902 861 perspicue
919 788 981 836 nec
1004 788 1076 836 non
1104 762 1254 837 aliorum
1279 763 1437 864 opinioni
1463 762 1614 863 amplius
1631 763 1724 836 inni-

723 889 837 948 tentes
853 901 975 948 eorum
993 874 1155 949 videlicet
1172 875 1234 975 qui
1253 875 1350 950 servo
1368 875 1501 950 domini
1519 874 1724 949 familiarius

616 1001 708 1048 rma
724 986 925 1061 adheserant
954 987 1058 1086 ipsrus
1085 990 1241 1088 quodam
1272 990 1380 1062 modo
1407 989 1568 1062 intimam
1596 988 1724 1062 mentis

723 1100 924 1200 ymaginem
952 1101 1115 1175 cordibus
1149 1101 1217 1175 suis
1244 1102 1351 1175 alcius
1385 1101 1589 1203 impressere.
1642 1103 1725 1197 Que

724 1239 809 1286 vero
839 1213 899 1286 illa
926 1214 990 1287 smt
1020 1214 1149 1315 quibus
1182 1215 1299 1288 minus
1331 1213 1521 1315 adquiescit
1550 1213 1654 1313 ipsrus
1683 1230 1723 1286 ut

723 1325 877 1400 creditur
893 1344 997 1400 tenor
1013 1327 1171 1400 veritatis
1196 1354 1301 1426 opere
1327 1327 1483 1425 precium
1508 1326 1556 1400 est
1572 1325 1724 1399 breviter

723 1439 914 1514 discutere.
934 1468 1007 1539 quo
1028 1442 1292 1540 simplicioribus
1310 1467 1375 1539 pro
1393 1441 1486 1539 posse
1503 1440 1724 1513 auditoribus

724 1553 797 1626 vim
832 1552 1049 1627 discrecionis
1090 1555 1279 1652 aperientes
1315 1612 1323 1626 .
1359 1580 1500 1628 omnem
1535 1551 1725 1627 dubietatis

723 1666 908 1766 caliginem
952 1668 997 1740 de
1039 1669 1157 1740 medio
1199 1665 1407 1741 auferamus.
1472 1666 1570 1739 Dicit
1614 1664 1723 1764 igitur

724 1796 937 1853 memoratus
970 1780 1024 1852 vir
1054 1781 1098 1852 de
1128 1779 1242 1854 sanbto
1272 1797 1357 1853 tunc
1392 1779 1634 1880 peregrinante
1664 1777 1722 1849 ita.

725 1893 955 1965 Postmodum
986 1892 1069 1993 quia
1096 1893 1221 1965 natalis
1257 1892 1319 1967 soli
1355 1892 1487 1992 semper
1518 1891 1631 1965 dulcis
1660 1889 1725 1963 elle

725 2003 811 2077 solet
846 2004 1078 2079 inhabitacio:
1115 2007 1160 2080 ad
1193 2006 1365 2107 Angliam
1396 2005 1497 2106 cujus
1529 2021 1631 2079 antea
1665 2029 1726 2075 rex

725 2117 888 2189 extiterat
919 2117 1058 2191 concito
1085 2119 1297 2218 properavit.
1364 2119 1457 2193 Cum
1484 2135 1604 2190 autem
1638 2113 1727 2213 sapi-

725 2246 849 2302 entum
882 2231 1093 2305 diffinicione
1127 2232 1253 2304 tritum
1288 2233 1349 2306 fit:
1376 2232 1459 2331 quia
1489 2231 1649 2303 infirmus
1681 2228 1728 2301 est

727 2344 839 2417 adhuc
857 2344 913 2416 cui
933 2344 1045 2444 patria
1071 2343 1130 2417 sua
1157 2344 1270 2418 dulcis
1296 2346 1343 2417 est
1361 2402 1370 2418 .
1389 2344 1492 2418 fortis
1516 2370 1602 2416 vero
1623 2342 1727 2443 jam.

728 2480 809 2528 cum
828 2482 933 2529 omne
956 2457 1069 2531 solum
1095 2457 1207 2557 patria
1224 2457 1271 2531 est
1289 2515 1297 2531 .
1317 2457 1488 2556 persedus
1513 2482 1656 2557 quoque
1674 2454 1729 2527 cui

730 2594 834 2641 omne
858 2567 971 2642 solum
997 2570 1142 2643 exilium
1168 2571 1214 2643 est
1233 2628 1240 2644 .
1260 2570 1316 2643 cui
1345 2597 1416 2643 non
1444 2586 1561 2667 pateat
1586 2565 1731 2640 absurde

733 2682 802 2755 dici
820 2680 938 2755 virum
960 2701 1000 2756 ut
1027 2683 1096 2783 ipse
1114 2684 1199 2757 dicit
1219 2683 1390 2757 senedute
1408 2683 1545 2755 aridum
1565 2738 1573 2754 .
1593 2681 1734 2753 diutur-

733 2793 843 2868 nitate
861 2794 995 2869 itineris
1018 2797 1143 2896 utique
1171 2796 1321 2897 religiosi
1346 2794 1589 2869 confractum.
1610 2791 1735 2865 natalis

731 2905 793 2979 soli
821 2926 861 2980 ut
887 2909 1092 3006 repatriaret
1118 2909 1303 2983 dulcedine
1327 2909 1531 2981 attradum?
1585 2905 1735 2978 Dicente

731 3018 869 3117 insuper
891 3021 1050 3093 Domino
1067 3024 1110 3095 ad
1129 3021 1329 3093 Abraham:
1358 3018 1562 3117 Ingredere1
1582 3019 1620 3089 de
1638 3015 1736 3089 tera²

733 3148 795 3203 tua
825 3189 833 3203 .
866 3133 1020 3230 itemque
1051 3134 1086 3205 in
1116 3132 1248 3231 psalmo
1276 3190 1284 3205 .
1316 3130 1548 3226 Oblivisccre⁸
1578 3130 1737 3228 populum

733 3260 829 3316 tuum
855 3261 887 3316 et
913 3245 1040 3316 demum
1061 3247 1180 3342 patris
1204 3248 1267 3316 tui.
1320 3247 1438 3340 Quem
1456 3262 1547 3317 etate
1565 3243 1738 3315 minorem

734 3355 841 3428 animi
868 3355 1032 3428 firmitate
1059 3413 1067 3429 .
1093 3373 1128 3429 et
1155 3354 1331 3429 sanstitate
1357 3356 1473 3428 meriti
1501 3413 1509 3429 .
1537 3355 1740 3428 inferiorem

737 3468 865 3566 pariter
890 3486 925 3539 et
953 3466 1215 3542 imbecilliorem
1235 3525 1243 3540 .
1263 3486 1379 3541 tenere
1409 3495 1481 3541 non
1505 3468 1623 3568 potuit
1648 3485 1739 3540 terre

739 3579 796 3652 sue
824 3636 832 3652 .
860 3578 983 3678 populi
1010 3578 1059 3651 sui
1086 3637 1093 3653 .
1118 3579 1312 3677 domusque
1343 3596 1485 3677 paterne
1511 3581 1661 3653 dulcedo
1679 3598 1740 3651 aut

733 3692 902 3764 memoria
937 3692 1078 3764 duceret
1102 3692 1177 3791 jam
1209 3694 1263 3764 vel
1293 3693 1482 3766 attraheret
1510 3693 1547 3765 in
1573 3693 1738 3766 omnibus

773 3889 784 3928 ¹
807 3888 914 3958 H.M.;
937 3888 1088 3963 Egredere,
1104 3888 1143 3946 G.
1185 3890 1261 3947 Gen.
1275 3891 1322 3947 xii.
1341 3906 1365 3948 1.

773 3970 869 4038 2H.;
899 3985 980 4039 terra,
1007 3969 1095 4026 ΜΕ.
1147 3970 1216 4027 The
1243 3970 1309 4028 MS.
1339 3971 1484 4048 originally
1507 3973 1564 4031 bad
1587 3974 1635 4031 the
1659 3974 1736 4031 word

733 4052 841 4109 dextera
855 4051 966 4107 written
982 4051 1010 4106 in
1025 4070 1110 4118 error,
1126 4051 1173 4107 the
1188 4071 1208 4107 x
1222 4050 1305 4125 being
1320 4071 1382 4107 now
1397 4051 1501 4110 erased.

774 4130 786 4167 ³
809 4129 907 4187 Psalm.
924 4130 988 4186 xliv.
1009 4146 1053 4187 11.
