4050 5640
530 416 581 497 30
810 391 899 472 Vita
928 390 1093 474 Haroldi
1117 393 1244 503 Regis.

526 601 721 676 scribemus.
783 603 949 697 Quorum
983 603 1048 675 alia
1081 630 1100 675 a
1133 605 1287 702 quodam
1321 603 1524 677 venerabilis

525 716 717 789 admodum
738 714 811 788 vite
840 716 1038 788 anachorita
1069 717 1210 789 nomine
1235 716 1414 790 Sebrichto
1433 773 1441 790 .
1459 716 1523 815 qui

525 828 603 901 viro
637 828 739 901 beato
774 828 931 927 pluribus
973 830 1058 902 dum
1100 829 1278 904 adviveret
1319 829 1523 902 ministravit

525 939 623 1014 annis
641 998 649 1015 .
669 941 734 1014 alia
751 941 795 1015 ab
813 940 888 1015 aliis
914 967 1005 1041 eque
1025 942 1094 1016 fide
1110 941 1314 1042 dignissimis
1330 942 1524 1040 accepimus

524 1055 634 1129 viris.
654 1056 715 1154 qui
733 1054 834 1128 nobis
855 1080 896 1128 ea
916 1054 979 1127 hec
1004 1053 1212 1128 certitudine
1237 1053 1412 1130 scribenda
1429 1072 1526 1129 retu-

523 1169 657 1243 lerunt:
684 1167 1009 1267 quaelseverillrma
1025 1166 1263 1242 indubitanter
1276 1168 1521 1267 probaverunt.

524 1284 636 1356 Porro
655 1308 725 1381 que
752 1280 827 1380 post
852 1279 984 1353 felicem
1011 1279 1115 1380 ipsius
1139 1280 1309 1354 excelsum
1335 1308 1355 1354 a
1380 1307 1524 1380 corpore

524 1397 634 1471 celesti
653 1421 714 1494 per
731 1419 812 1468 eum
829 1393 961 1467 virtute
979 1410 1132 1492 patrata:
1159 1393 1284 1494 pagine
1301 1393 1523 1468 asscribentur

523 1510 566 1584 ab
584 1508 722 1608 illisqui
742 1504 914 1606 presentes
926 1531 1006 1578 cum
1024 1507 1145 1579 fierent
1156 1505 1386 1580 interfuerunt
1400 1505 1523 1605 scripta

523 1621 691 1720 nobisque
703 1617 893 1712 transmissa
910 1616 998 1691 sunt.
1051 1619 1233 1693 Prodidus
1249 1636 1367 1692 autem
1383 1619 1438 1693 vir
1454 1619 1523 1693 Dei

523 1736 610 1808 olim
637 1733 789 1806 minister
813 1730 887 1831 ejus
913 1747 948 1804 et
974 1729 1160 1832 sequipeda
1184 1733 1420 1807 devotillimus
1447 1789 1455 1807 .
1482 1749 1523 1805 ut

523 1849 580 1922 ille
607 1849 651 1923 de
684 1847 819 1921 mundo
847 1844 977 1917 recellit
1009 1900 1017 1918 .
1046 1861 1081 1918 et
1108 1844 1190 1943 quia
1217 1846 1261 1920 ad
1288 1847 1407 1919 Deum
1437 1845 1523 1920 abiit

523 1960 771 2032 miraculorum
819 1956 955 2031 indiciis
1006 1974 1164 2057 patenter
1205 1957 1413 2033 declaravit:
1447 1957 1523 2058 ejus

522 2071 695 2146 ferventer
712 2071 747 2144 in
761 2070 856 2143 bono
873 2070 1090 2143 emulabatur
1102 2071 1315 2168 exemplum.
1367 2071 1523 2170 Cupiens

522 2184 736 2285 quippequo
747 2184 803 2257 ille
815 2199 1017 2282 pervenerat
1028 2181 1144 2281 etipse
1155 2184 1348 2281 pervenire:
1367 2183 1523 2258 studebat

523 2324 629 2398 quam
646 2296 786 2370 similius
812 2296 929 2395 potuit
947 2296 1029 2368 srcut
1046 2295 1103 2369 ille
1119 2295 1374 2371 ambulaverat:
1400 2313 1435 2370 et
1453 2296 1523 2395 ipse

521 2410 707 2485 ambulare.
761 2409 875 2508 Igitur
887 2408 985 2507 quod
1002 2424 1037 2481 et
1048 2407 1252 2482 Haroldum
1270 2407 1366 2482 fuisse
1380 2427 1523 2483 noverat

521 2521 810 2623 peregrinacionis
826 2521 981 2594 laborem
998 2521 1177 2620 amplexus
1193 2521 1316 2595 natalis
1339 2520 1399 2594 soli
1417 2520 1522 2621 spon-

520 2653 643 2710 taneus
659 2636 738 2708 exul
759 2692 767 2708 .
786 2651 827 2706 ut
844 2633 944 2732 cujus
969 2631 1163 2706 sanctorum
1180 2650 1215 2707 et
1232 2633 1437 2709 domesticus
1453 2636 1522 2709 Dei

521 2750 586 2823 ell‘e
603 2765 813 2823 mereretur:
840 2747 997 2820 efficitur.
1049 2747 1180 2821 Nudus
1205 2746 1356 2845 denique
1382 2749 1523 2846 pedesa

520 2861 674 2934 confinio
706 2859 837 2934 recedit
879 2859 975 2933 urbis
1013 2858 1195 2932 Cestrensrs
1227 2858 1288 2932 ubi
1322 2858 1522 2933 thesaurum

522 2999 628 3073 quem
641 2975 790 3047 devotus
801 2971 935 3071 aliquot
947 2972 1047 3044 annis
1064 2971 1194 3046 ibidem
1211 2969 1408 3045 observant1
1427 2989 1523 3071 parte

520 3085 558 3157 in
584 3084 719 3183 superni
743 3085 833 3184 regis
856 3109 1019 3156 coronam
1043 3082 1199 3158 sublata.
1218 3085 1325 3183 partis
1350 3085 1523 3184 reliquum

521 3197 618 3269 humi
637 3195 804 3270 defossum
821 3195 1041 3270 dimittebat:
1068 3197 1183 3271 nudus
1199 3197 1308 3269 eciam
1325 3197 1524 3295 cupiditatis

404 3335 411 3349 ·
521 3311 696 3383 mundane
738 3309 969 3408 progreditur.
1034 3309 1088 3381 Sic
1121 3309 1238 3381 nudus
1270 3326 1306 3382 et
1341 3309 1523 3408 expeditus

522 3444 658 3493 crucem
675 3421 898 3493 Dominicam
924 3420 961 3492 in
985 3420 1064 3492 loco
1088 3444 1162 3519 quo
1186 3421 1383 3495 Dominicis
1407 3437 1523 3520 aptata

521 3531 587 3604 fuit
621 3533 786 3606 membris
810 3533 988 3607 aditurus:
1016 3530 1208 3631 sepulcrum
1233 3533 1309 3633 ejus
1334 3532 1523 3633 gloriosum

521 3645 742 3720 visitaturus.
761 3645 798 3718 in
821 3647 900 3718 loco
917 3645 976 3719 ubi
998 3645 1162 3719 steterunt
1184 3647 1288 3745 pedes
1310 3646 1385 3745 ejus
1401 3648 1524 3721 adora-

520 3773 619 3830 turus
641 3814 649 3831 .
672 3758 840 3857 Angliam
866 3759 1009 3833 demum
1035 3758 1212 3858 egreditur
1238 3759 1387 3857 plurima
1412 3759 1524 3831 nichi-

519 3871 671 3944 lominus
696 3888 731 3944 et
756 3872 820 3944 alia
841 3869 953 3943 saneta
978 3869 1170 3943 sanctorum
1196 3871 1316 3943 limina
1340 3888 1380 3944 ut
1397 3868 1522 3944 fecerat

520 3982 703 4057 Haroldus
719 3985 868 4057 lacrimis
893 3984 1093 4084 rigaturus.
1112 3984 1248 4084 linguas
1273 3981 1410 4082 insuper
1435 4009 1521 4082 quas

775 4111 785 4148 ¹
808 4110 917 4179 H.M.;
938 4109 1103 4180 observarat,
1118 4109 1156 4169 G.
