4050 5640
558 479 647 559 Vita
675 478 839 559 Haroldi
863 482 990 586 Regis.
1250 507 1274 585 9

276 686 439 757 Saracena
473 685 615 759 biennio
649 685 779 760 ibidem
812 684 1070 760 delitescentem
1107 683 1275 757 sanaverit

277 786 483 860 Haroldum
512 844 520 858 .
552 804 587 859 et
632 787 729 886 quod
774 813 839 884 pro
875 784 1120 859 contrahendis
1154 803 1276 857 contra

277 886 504 958 Normannos
521 887 659 959 auxiliis
678 944 686 959 .
706 888 856 959 Saxones
883 884 1065 985 Dacosque
1091 884 1274 984 expetierit

277 985 398 1085 nilque
416 985 612 1084 profecerit.

325 1086 389 1158 Vl.
418 1088 527 1182 Quod
553 1087 588 1158 in
615 1086 647 1160 se
664 1089 807 1161 tandem
833 1085 926 1160 idem
944 1084 1097 1158 reversus
1115 1084 1277 1158 intellex-

276 1184 342 1257 erit
376 1188 495 1258 Deum
529 1187 587 1259 srbi
623 1187 658 1258 in
694 1186 749 1259 via
784 1186 907 1260 mundi
942 1184 1110 1260 adversari
1141 1243 1149 1258 .
1182 1187 1276 1263 unde

276 1284 404 1358 Christi
434 1285 466 1359 se
493 1287 717 1361 conformans
743 1287 835 1359 cruci
866 1304 907 1358 ut
933 1286 1065 1359 hostem
1089 1285 1276 1385 antiquum

276 1386 401 1458 melius
428 1386 661 1486 triumpharet
688 1389 819 1488 gaudet
846 1385 877 1459 se
896 1387 939 1458 ab
956 1385 1158 1459 hominibus
1175 1385 1274 1458 suisse

163 1563 174 1585 ι
276 1484 486 1584 superatum.

326 1587 407 1659 Vll.
436 1589 545 1683 Quod
558 1587 867 1686 proexpeciendis1
892 1585 1086 1659 sanstorum
1104 1585 1275 1686 suffragiis

275 1685 419 1785 longam
459 1687 575 1760 inierit
607 1686 945 1788 peregrinacionem:
980 1704 1015 1759 et
1046 1687 1143 1785 quod
1177 1703 1277 1758 ante-

275 1812 382 1885 quam
408 1813 557 1900 regnum
575 1787 742 1861 habuisset
762 1845 770 1861 .
790 1786 983 1860 sanctorum
1001 1786 1122 1859 limina
1140 1785 1276 1885 aposto-

275 1886 392 1958 lorum
409 1887 544 1962 adierit.

325 1987 426 2059 Vlll.
453 1987 687 2060 Ammiracio²
713 1986 888 2085 scriptoris
915 2012 996 2060 cum
1023 1985 1276 2059 exclamacione

274 2084 370 2157 brevi
397 2085 497 2185 super
520 2088 736 2202 benignitate
761 2088 829 2161 Dei
860 2114 930 2188 qua
956 2088 996 2159 fit
1014 2104 1055 2159 ut
1073 2086 1179 2159 etiam
1197 2112 1276 2185 pec-

274 2204 350 2257 cata
367 2188 573 2261 elestorum:
600 2190 677 2286 ipsis
695 2205 924 2286 cooperentur
942 2187 977 2258 in
996 2187 1140 2260 bonum.

325 2287 490 2360 Nouum.
519 2290 628 2384 Quod
657 2290 701 2362 de
732 2300 872 2387 peccato
898 2288 1052 2361 Haroldi
1082 2287 1195 2359 multa
1222 2279 1365 2360 di-l'b·

274 2403 403 2459 cuntur
421 2413 441 2459 a
458 2388 599 2462 multis:
626 2408 662 2461 et
685 2390 729 2462 de
753 2414 883 2487 quercu
902 2386 994 2460 secus
1011 2387 1276 2486 Rothomagum

275 2484 336 2558 sub
370 2513 441 2586 qua
461 2487 640 2587 juraverat
677 2545 685 2561 .
721 2515 791 2588 que
829 2488 994 2561 corticem
1029 2504 1134 2560 exuta
1156 2504 1274 2559 manet

139 2648 144 2657 .
274 2583 382 2685 usque
400 2587 437 2659 in
455 2587 600 2686 presens.
1144 2648 1146 2654 ,

326 2688 373 2759 Χ.
401 2687 596 2760 Satissaccio
626 2689 850 2788 quorundam
880 2714 945 2786 pro
978 2687 1146 2760 Haroldo
1171 2743 1179 2759 .
1204 2712 1275 2787 qua

274 2811 356 2857 eum
385 2789 429 2861 de
458 2788 612 2887 perjurio
639 2787 865 2861 excusantes.
885 2787 1044 2861 Domino
1072 2786 1212 2859 favente
1238 2803 1274 2859 et

275 2884 388 2960 sancto
414 2888 623 2961 connivente
654 2889 831 2961 Edwardo
860 2887 972 2986 ipsum
1003 2887 1154 2987 regnasse
1185 2888 1276 2958 affir-

274 3006 372 3059 mant
392 3044 399 3059 .
419 3007 454 3060 et
480 2989 523 3062 de
549 2989 676 3061 visione
695 2989 845 3060 Abbatis
868 2988 974 3061 Elsmi
995 3045 1002 3060 .
1022 3014 1092 3086 qua
1108 2987 1275 3059 vislorem

275 3087 569 3187 Norwagicorum
611 3088 724 3188 ipsum
757 3088 831 3161 sore
866 3087 1107 3188 prenunciavit
1142 3086 1275 3160 sanstus

273 3187 480 3261 Edwardus.

324 3288 588 3361 Uuorcmuu.
615 3292 671 3361 De
696 3314 796 3362 cruce
823 3288 932 3362 sansta
955 3286 1167 3362 admirabilis
1184 3313 1276 3388 quo-

274 3387 370 3459 rum3
394 3388 519 3462 relacio
547 3416 616 3489 que
643 3389 716 3488 regi
746 3390 914 3463 Haroldo
937 3387 1109 3461 festinanti
1133 3389 1177 3461 ad
1195 3414 1276 3486 pre·

273 3486 363 3558 lium
396 3506 501 3585 caput
532 3490 733 3587 perhibetur
760 3488 934 3561 inclinasse
968 3505 1003 3561 et
1030 3487 1097 3560 alia
1121 3488 1274 3586 quedam

224 3660 227 3665 .
274 3585 353 3659 satis
386 3589 430 3661 de
465 3587 535 3687 ipsa
569 3616 669 3662 cruce
701 3589 867 3688 stupenda
894 3588 1059 3661 miracula
1093 3587 1274 3660 certissime

273 3688 474 3785 approbata.

324 3789 409 3860 XII.
437 3787 665 3862 Diversorum
707 3787 839 3862 diversa
886 3787 1131 3886 interpretacio
1173 3785 1273 3886 super

272 3887 434 3985 predistis
451 3888 554 3989 signis
571 3889 681 3961 crucis
707 3887 738 3961 se
757 3888 956 3961 inclinantis
973 3906 1008 3961 et
1026 3913 1174 3987 quercus
1200 3913 1274 3959 are-

272 3986 360 4060 faste
378 4045 386 4061 .
406 4006 441 4061 et
460 3991 557 4089 quod
575 3989 761 4063 Haroldus
785 3988 817 4061 se
838 3987 951 4088 ipsum
972 3989 1059 4061 bene
1080 3987 1274 4087 judicando

331 4133 343 4173 ¹
365 4134 472 4206 H.M.;
493 4135 667 4213 expetendis,
682 4134 721 4194 G.
826 4130 839 4170 ²
860 4133 971 4202 H.M.;
992 4132 1159 4203 Admiratio,
1174 4131 1214 4191 G.

570 4214 584 4254 ⁸
605 4215 716 4284 H.M.;
738 4215 922 4294 quorundam,
938 4214 977 4273 G.
