4050 5640
745 589 749 597 .
790 483 879 563 Vita
909 485 1072 564 Haroldi
1097 487 1224 595 Regis.
1454 516 1503 596 33

505 691 591 765 dum
616 691 762 764 talibus:
790 692 977 766 estimabat.
1030 695 1130 765 Talia
1158 713 1382 767 veromente
1411 721 1508 767 com-

505 810 655 903 punstus
689 802 881 902 proferebat
921 832 992 878 non
1037 832 1158 879 eorum
1206 833 1274 905 que
1319 807 1507 905 pertulisset

506 917 734 1015 erumpnam1
749 918 892 991 dellens:
912 915 959 990 set
971 919 1062 990 illius
1074 944 1178 1017 quam
1190 920 1233 992 ad
1245 917 1509 1017 erumpnarum2

509 1028 645 1102 suarum
670 1031 828 1103 levamen
857 1031 1055 1129 percepisset
1082 1028 1326 1104 consolacionis
1343 1049 1377 1104 et
1394 1033 1508 1131 gracie

508 1140 691 1241 spiritualis
704 1144 927 1216 memoriam:
947 1170 1026 1215 cum
1041 1144 1127 1215 mira
1144 1144 1325 1217 dulcedine
1339 1149 1506 1217 erudians.

559 1256 642 1328 Hec
659 1257 703 1331 de
721 1257 787 1329 viri
806 1257 900 1329 istius
917 1258 989 1329 vita
1006 1275 1042 1330 et
1070 1257 1226 1329 moribus
1250 1283 1321 1329 non
1339 1255 1507 1355 superflue

507 1389 549 1443 ut
566 1372 761 1444 estimamus
775 1374 899 1472 pagine
910 1373 1117 1447 videbantur
1135 1371 1310 1447 inserenda
1323 1431 1331 1446 .
1344 1375 1508 1473 quatinus

508 1510 550 1557 ex
562 1483 738 1558 sanctitate
749 1487 905 1584 alumpni
917 1487 1083 1584 liquidius
1093 1486 1420 1586 docentursquante
1431 1513 1510 1585 per-

509 1596 669 1670 feccionis
680 1599 830 1672 culmine
842 1597 1058 1672 conversacio
1071 1600 1230 1671 claruerit
1249 1598 1297 1672 sui
1316 1601 1507 1673 nutritoris.

510 1710 585 1782 Hic
602 1712 647 1784 de
668 1711 833 1785 Haroldo
851 1712 1066 1784 mencionem
1081 1709 1207 1784 faciens
1224 1739 1295 1785 non
1313 1713 1411 1786 aliter
1428 1738 1509 1785 eum

508 1849 616 1921 quam
633 1824 817 1898 dominum
845 1822 944 1896 suum
971 1824 1199 1896 nominabat.
1219 1822 1331 1922 ipsum
1358 1823 1511 1923 profesto

510 1933 544 2008 se
562 1953 749 2033 patronum
768 1936 892 2009 habere
918 1937 955 2008 in
973 1936 1046 2008 celo
1064 1936 1221 2009 exultans
1238 1963 1344 2035 quem
1371 1963 1513 2034 precep-

509 2064 621 2120 torem
653 2049 689 2120 in
719 2051 853 2123 mundo
875 2049 1059 2121 habuisset.
1114 2049 1180 2121 Per
1210 2050 1303 2122 hunc
1333 2050 1442 2149 igitur
1471 2067 1511 2121 ut

511 2162 710 2261 premissum
742 2163 790 2235 est
821 2221 829 2236 .
859 2161 900 2236 et¹
924 2164 1009 2235 alios
1036 2164 1097 2262 qui
1127 2163 1243 2236 virum
1274 2165 1342 2237 Dei
1370 2165 1512 2263 viteque

511 2275 613 2372 ipsius
631 2276 825 2349 institutum
839 2276 1044 2386 variumque
1063 2300 1127 2372 pro
1144 2277 1228 2348 locis
1245 2294 1279 2348 et
1298 2276 1513 2375 temporibus

511 2387 636 2460 statum
655 2405 883 2487 agnoverant:
902 2414 1027 2487 eaque
1045 2386 1204 2460 secuntur
1222 2405 1418 2486 comparata
1435 2387 1514 2460 sunt

510 2517 545 2573 et
562 2501 715 2600 vulgata.
768 2501 914 2573 Horum
941 2501 1099 2573 nonnulli
1119 2501 1216 2599 quod
1241 2500 1312 2598 ipse
1330 2501 1513 2574 Haroldus

511 2612 604 2712 ipse⁴
621 2615 801 2712 quondam
831 2614 867 2686 in
898 2614 1092 2687 diademate
1122 2611 1291 2711 gloriosus
1320 2612 1401 2686 esset
1425 2615 1513 2687 dum

510 2728 644 2800 viveret
670 2724 861 2799 nescierunt
879 2723 1149 2798 conversacionis
1165 2743 1282 2798 tamen
1308 2726 1400 2798 illius
1416 2726 1515 2798 testes

511 2839 653 2913 fuerunt
681 2897 689 2912 .
716 2857 752 2912 et
770 2839 897 2938 quibus
914 2839 1080 2937 deguisset
1112 2839 1148 2910 in
1171 2838 1255 2911 locis
1281 2865 1324 2911 ex
1343 2864 1415 2938 quo
1436 2837 1516 2910 soli-

510 2953 635 3025 tariam
659 2953 696 3024 in
712 2953 844 3051 Anglia
870 2953 971 3025 duxit
988 2951 1097 3022 vitam
1124 2951 1258 3048 plenius
1285 2968 1514 3049 agnoverunt.

514 3065 646 3139 Mundi
678 3091 828 3163 namque
856 3066 1002 3164 gloriam
1030 3064 1128 3162 cujus
1154 3065 1190 3136 in
1217 3062 1323 3162 seipso
1347 3064 1517 3164 ignobiles

511 3194 547 3250 et
588 3177 753 3276 lugubres
792 3177 905 3249 exitus
951 3195 1113 3274 expertus
1156 3175 1269 3250 fuisset
1315 3176 1517 3250 medullitus

512 3289 805 3389 perhorcesscens⁶
831 3289 1011 3388 postquam
1033 3290 1069 3361 in
1095 3306 1184 3361 terra
1208 3290 1292 3361 olim
1319 3287 1377 3361 sua
1399 3290 1517 3362 vivere

512 3400 658 3474 instituit
678 3459 685 3474 .
706 3427 833 3473 nomen
851 3400 910 3473 sibi
929 3426 1060 3475 novum
1079 3399 1149 3498 ipse
1172 3399 1335 3499 imposuit
1355 3458 1362 3473 .
1382 3400 1517 3472 habita-

512 3514 621 3586 cionis
638 3539 779 3612 quoque
795 3514 871 3586 loca
888 3540 932 3585 ne
950 3513 1028 3612 quis
1041 3512 1121 3585 esset
1139 3512 1194 3585 cui
1208 3512 1366 3611 quolibet
1384 3531 1513 3586 eventu

512 3627 716 3725 proderetur
732 3650 804 3698 non
822 3625 923 3698 semel
940 3626 1100 3697 mutavit.
1134 3627 1266 3698 Verum
1285 3627 1347 3698 hec
1365 3622 1512 3698 seriatim

511 3737 652 3813 inferius
663 3736 911 3837 prosequemur
920 3738 945 3812 :⁰
964 3764 1055 3810 nunc
1067 3764 1087 3809 a
1098 3737 1312 3836 digressionis
1324 3737 1456 3810 excessu
1469 3739 1513 3811 ad
1526 3754 1541 3801 s·
1554 3768 1575 3811 s

512 3853 670 3927 ordinem
691 3870 789 3951 cepte
806 3853 1014 3925 narracionis
1037 3851 1113 3924 stilo
1130 3869 1287 3925 currente
1303 3853 1514 3926 accedamus.

552 3993 564 4032 ¹
585 3992 696 4063 HM.;
717 4014 882 4064 aerumnam,
897 3993 936 4052 G.
1051 3991 1064 4030 ²
1085 3992 1194 4061 H.M.;
1215 4012 1412 4061 aerumnarum,
1426 3991 1465 4052 G.

553 4072 566 4112 ⁸
587 4075 647 4144 H.;
669 4074 816 4144 docentur,
832 4074 878 4132 M.
894 4098 903 4144 ;
924 4074 1066 4143 doceatur,
1083 4072 1121 4131 G.

552 4153 566 4192 ⁴
588 4154 647 4224 H.;
669 4154 718 4213 the
734 4154 835 4213 second
849 4157 900 4234 ipse
913 4153 1041 4223 omitted,
1058 4153 1142 4212 M.G.

553 4235 565 4273 ⁶
587 4235 676 4297 HM.
688 4259 697 4305 ς
719 4236 939 4315 perhorrescens,
955 4234 996 4295 G.
1056 4233 1070 4271 ⁶
1091 4233 1151 4301 H.;
1172 4232 1383 4311 persequemur,
1401 4232 1490 4291 M.G.

1005 4338 1027 4384 D
