4050 5640
758 524 813 608 74
1041 495 1131 575 Vita
1160 493 1325 575 Haroldi
1348 494 1476 604 Regis.

759 712 980 789 Fraudabant
1015 738 1096 784 eum
1133 712 1260 785 viatico
1289 769 1297 785 .
1328 712 1419 786 veste
1447 711 1619 811 spolibant
1649 729 1759 813 utque

756 824 953 927 peccunias¹
978 851 1064 924 quas
1098 851 1170 897 non
1198 823 1345 897 habebat
1373 825 1549 898 exhiberet
1578 824 1695 898 nimiis
1724 843 1760 897 et

757 938 934 1039 exquisitis
947 963 1028 1012 eum
1039 937 1247 1011 cruciatibus
1260 956 1296 1010 et
1310 938 1445 1037 injuriis
1458 938 1758 1039 contorquebant.

757 1051 927 1125 faciebant
953 1050 1035 1123 talia
1053 1051 1211 1124 homines
1232 1050 1413 1125 bestiales.
1433 1051 1563 1152 quibus
1579 1068 1660 1150 apte
1683 1049 1760 1125 satis

757 1163 921 1264 congruit
948 1165 1046 1262 quod
1073 1165 1118 1237 de
1143 1163 1388 1262 Longobardis
1411 1162 1543 1237 sanetus
1568 1163 1760 1264 Gregorius

757 1277 831 1368 ait;
863 1287 885 1318 “
898 1277 1097 1373 Quorum,”
1128 1276 1283 1375 inquid,2
1311 1275 1427 1350 “sunt
1444 1276 1651 1376 zinzungie⁸
1673 1301 1759 1374 pene

757 1408 793 1464 et
835 1389 946 1489 gratie
987 1387 1113 1487 spate.'’
1191 1388 1389 1463 Perferebat
1425 1416 1509 1463 vero
1546 1390 1655 1462 horno
1691 1387 1760 1462 Dei

758 1501 917 1576 universa
941 1520 1058 1575 mente
1084 1502 1226 1601 placita*
1245 1559 1253 1574 .
1274 1504 1384 1600 hylari
1408 1504 1544 1575 vultu.
1569 1527 1629 1574 ore
1646 1500 1761 1576 dulci-

758 1616 897 1715 loquo.
917 1639 1023 1688 manu
1042 1614 1231 1706 munifica;
1259 1641 1322 1688 nec
1342 1615 1478 1714 quievit
1504 1614 1616 1714 pietas
1639 1612 1762 1715 hujus-

750 1728 895 1802 cemodi
921 1753 1002 1800 cum
1028 1727 1207 1826 impietate
1233 1729 1412 1801 conflidus
1431 1785 1439 1801 .
1458 1727 1641 1828 quousque
1667 1727 1761 1800 illius

759 1841 892 1913 malum
926 1839 962 1911 in
997 1840 1104 1938 hujus
1137 1840 1232 1913 bono
1265 1842 1439 1915 devietum
1476 1899 1484 1914 .
1516 1840 1760 1914 verecundiam

760 1951 848 2025 vide
878 1951 1093 2051 imprimeret
1122 2009 1131 2026 .
1162 1953 1292 2026 victrici
1327 1955 1474 2054 gratiam
1504 1955 1697 2027 cumularet
1726 1969 1761 2025 et

759 2063 921 2164 gloriam.
974 2064 1136 2139 Pascebat
1170 2066 1299 2139 etenim
1342 2093 1380 2140 ac
1423 2067 1566 2165 potabat
1608 2083 1649 2137 ut
1691 2089 1761 2138 vox

761 2194 882 2250 monet
925 2177 1110 2276 apostolica
1143 2177 1303 2252 inimicos
1338 2237 1346 2253 .
1383 2178 1556 2253 mulcebat
1592 2178 1762 2277 predones

762 2289 938 2364 beneficiis
969 2346 977 2363 .
1006 2290 1190 2390 mitigabat
1223 2309 1393 2367 tortores:
1421 2291 1589 2365 miraculo
1606 2288 1762 2364 inaudite

762 2401 927 2475 lenitatis.
992 2402 1213 2502 Congerebat
1243 2404 1385 2502 perinde
1412 2405 1456 2478 de
1487 2403 1625 2478 camino
1652 2403 1763 2475 multe

760 2514 912 2588 caritatis
935 2515 1099 2589 carbones
1124 2516 1215 2617 ignis
1240 2515 1340 2616 super
1365 2516 1477 2616 capita
1501 2541 1651 2589 eorum.
1670 2514 1763 2588 unde

762 2627 1763 2730 mol[l]itaeorumduriciamedullitusdemumliquesasta

761 2744 873 2816 colere
896 2743 988 2841 cepit
1018 2800 1026 2817 .
1051 2762 1086 2816 et
1104 2744 1273 2817 honorare
1291 2770 1397 2843 quem
1417 2742 1545 2817 solebat
1564 2743 1712 2815 illudere
1728 2758 1763 2813 et

761 2856 946 2955 flagellare.
1000 2857 1122 2929 lnsrstit
1152 2882 1277 2930 manus
1300 2856 1472 2955 obsequiis
1492 2913 1500 2929 .
1520 2881 1589 2955 que
1616 2853 1763 2927 seviebat

763 2967 884 3068 plagis.
939 2970 1135 3068 ingeminat
1169 2971 1288 3043 laudes
1322 2969 1448 3043 assueta
1483 2967 1606 3067 lingua
1639 2982 1765 3040 contu-

763 3082 884 3155 meliis.
953 3083 1076 3156 Virtus
1109 3084 1202 3156 enim
1237 3083 1416 3181 inexperte
1458 3081 1625 3155 bonitatis
1667 3105 1764 3153 more

763 3212 961 3268 aromatum
978 3221 1052 3294 quo
1068 3195 1191 3269 durius
1200 3194 1412 3268 trastabatur
1425 3194 1552 3268 sorcius
1564 3192 1742 3268 redolebat
1755 3247 1763 3264 .

763 3305 937 3405 laciusque
966 3306 1110 3381 diffusa:
1137 3307 1260 3385 multis
1289 3333 1350 3406 per
1376 3308 1492 3407 girum
1522 3308 1611 3381 odor
1627 3304 1701 3378 vite
1728 3305 1765 3378 in

804 3433 817 3472 ²
838 3432 946 3503 H.M.;
968 3434 1108 3510 pecunius,
1124 3433 1163 3491 G.
1368 3432 1381 3472 2
1401 3432 1508 3502 H.M.;
1529 3431 1631 3510 inquit,
1645 3429 1684 3490 G.

803 3511 946 3583 8Η.Μ.;
978 3512 1104 3590 fungia,
1127 3514 1166 3572 G.
1217 3515 1284 3573 The
1312 3514 1458 3573 reference
1486 3514 1508 3572 is
1533 3528 1562 3572 to
1584 3512 1611 3572 S.
1635 3510 1766 3586 Gregorii

766 3594 868 3671 Magni
882 3593 1078 3672 Epistularum,
1092 3595 1139 3653 lib.
1154 3595 1173 3653 i.
1184 3596 1261 3655 xxxi.
1296 3595 1421 3671 (Migne,
1435 3596 1490 3653 vol.
1505 3593 1612 3663 lxxvii,
1622 3593 1670 3650 sol.
1682 3591 1766 3670 484)

765 3675 859 3754 “quia
886 3672 955 3733 licut
976 3691 1093 3752 peccata
1113 3695 1177 3734 mea
1200 3676 1388 3746 increbantur,
1411 3695 1468 3733 non
1491 3674 1694 3742 Romanorum,
1719 3671 1767 3729 sed

765 3754 1014 3832 Langobardorum
1029 3755 1174 3834 episcopus
1186 3757 1271 3815 fastus
1286 3756 1355 3826 sum,
1367 3776 1487 3834 quorum
1502 3755 1646 3832 synthiciae
1661 3752 1766 3831 spatha:

766 3836 837 3906 sunt,
852 3851 881 3893 et
894 3838 980 3912 gratia
995 3837 1107 3915 poena.’'
1149 3838 1217 3896 The
1235 3853 1381 3896 annotator
1399 3837 1500 3906 writes,
1523 3842 1541 3868 “
1551 3833 1694 3914 Syntbiciae
1705 3832 1767 3891 sunt

766 3919 853 3996 pasta,
869 3917 1076 3987 conventiones,
1094 3938 1109 3975 a
1127 3917 1231 3976 Graeco
1251 3919 1367 3987 συνθήκη.
1422 3915 1529 3994 Spatba,
1543 3915 1670 3992 gladius,
1691 3913 1765 3971 unde

763 3996 930 4077 spatharium·
952 3998 1124 4058 ...Sensus
1144 3999 1228 4075 igitur
1248 4000 1306 4066 est3
1327 3997 1575 4074 Langobardorum
1598 3998 1685 4074 pacta,
1700 4013 1767 4052 con-

663 4095 670 4107 ·
766 4080 876 4150 nasius,
899 4079 926 4137 id
950 4081 997 4150 est,
1020 4081 1084 4155 jura
1109 4080 1203 4138 omnia
1228 4101 1290 4158 quae
1317 4078 1391 4156 apud
1416 4079 1557 4136 Romanos
1581 4078 1707 4136 constant
1731 4093 1766 4133 cx

763 4160 851 4236 pastis
863 4175 892 4217 et
906 4160 1101 4230 contrastibus,
1115 4160 1259 4219 versantur
1273 4161 1301 4218 in
1316 4160 1343 4218 vi
1358 4175 1387 4219 ct
1403 4158 1506 4218 ferro.”

805 4240 817 4279 ⁴
838 4239 948 4310 H.M.;
969 4241 1086 4318 placida,
1102 4242 1140 4300 G.
