4050 5640
791 456 880 539 Vita
909 457 1074 540 Harolrh'
1097 458 1226 569 Regis.
1453 462 1478 541 6
1482 486 1504 568 5

506 667 656 769 amplius
688 664 736 741 est
769 667 838 743 Dei
868 683 981 741 morte
1015 668 1224 769 redemptis:
1260 667 1412 768 preferre
1447 694 1510 744 nec

507 798 670 856 metuunt
688 804 753 854 nec
768 778 986 856 erubescunt.
1037 782 1202 857 Viderint
1224 808 1269 856 ne
1286 781 1377 856 sorte
1389 782 1510 880 jurare

505 893 663 995 cogentis
679 909 716 967 et
743 890 901 967 secuture
917 893 1013 967 illius
1039 894 1248 993 posteritatis
1264 896 1385 995 pocius
1401 918 1509 996 quam

501 1007 745 1108 juramentum
787 1006 987 1081 exhibentis
1037 1008 1283 1109 presignaverit
1333 1006 1508 1109 auspicia:

508 1120 610 1194 arbor
627 1118 708 1220 ipsa.
759 1119 924 1194 Viderint
942 1138 976 1194 et
993 1121 1187 1222 dijudicent
1207 1139 1328 1195 utrum
1352 1122 1401 1195 eis
1426 1147 1512 1195 con-

507 1250 612 1332 gruat
629 1260 692 1332 per
708 1260 799 1333 quos
824 1232 1012 1307 sanctitatis
1029 1234 1157 1332 pariter
1177 1252 1212 1308 et
1229 1235 1398 1308 libertatis
1416 1236 1511 1309 viror

508 1363 544 1419 et
573 1346 675 1445 vigor
704 1346 873 1420 emarcuit
903 1364 939 1419 et
968 1346 1111 1420 evanuit
1136 1347 1281 1447 antique
1311 1348 1347 1420 in
1376 1349 1511 1448 Anglia

509 1457 642 1531 ecclesie
676 1459 774 1559 quod
808 1456 868 1532 ubi
907 1459 1008 1559 regni
1051 1456 1101 1532 sui
1144 1457 1335 1557 primordia
1378 1456 1511 1558 pulsare

508 1589 676 1670 ceperunt
716 1572 855 1672 lignum
897 1572 1010 1647 viride
1054 1589 1090 1645 et
1142 1569 1348 1646 frondosum
1397 1569 1512 1646 subito

508 1683 670 1757 exaruit.
689 1682 850 1758 decorem
879 1701 1022 1785 repente
1051 1684 1164 1758 exuit1
1184 1741 1192 1758 .
1211 1700 1247 1758 et
1274 1682 1512 1759 confirfibilem

510 1795 625 1869 tenuit
639 1796 849 1872 nuditatem.
902 1797 945 1871 ln
969 1797 1065 1871 hunc
1090 1797 1239 1872 modum
1256 1794 1446 1871 seeundum
1471 1821 1513 1872 ea

510 1933 580 2007 que
622 1908 777 1983 accidisse
818 1904 986 1984 dicuntur
1028 1935 1094 2008 pro
1135 1935 1217 2009 rege
1258 1908 1376 1983 nostro
1408 1909 1513 1985 beato

510 2021 679 2094 Haroldo
705 2023 759 2095 vel
789 2039 912 2095 contra
942 2019 1055 2121 ipsum
1081 2021 1158 2095 aliis
1182 2023 1225 2095 sic
1240 2021 1327 2097 ¹aliis
1354 2048 1441 2096 vero
1469 2022 1512 2095 sic

510 2129 750 2223 sencientibus,
785 2159 849 2208 noe
882 2160 952 2235 que
979 2122 1140 2234 'parcium
1173 2133 1319 2208 suerunt
1361 2133 1512 2234 tetigisse

511 2245 653 2320 sufficiat
680 2246 907 2321 diffinitivum
934 2247 1108 2321 caleulum
1137 2248 1276 2321 lectoris
1305 2245 1363 2321 seu
1394 2246 1514 2345 potine

510 2363 631 2432 cuneta
654 2356 789 2432 scientis
810 2358 899 2434 Dei:
925 2358 1077 2434 examini
1100 2361 1337 2435 concedenter
1388 2360 1515 2456 Quan-

510 2491 590 2547 tum
606 2499 692 2548 vero
720 2473 912 2549 nostrarum
939 2475 1107 2548 intererat
1124 2474 1255 2549 virium
1281 2500 1344 2574 per
1361 2474 1425 2549 hec
1442 2500 1513 2574 que

512 2610 583 2658 non
618 2583 788 2684 superflue
823 2602 865 2659 ut
897 2586 1096 2660 estimamus
1124 2603 1399 2661 commemorata
1432 2584 1513 2661 sunt

511 2697 644 2797 lapides
677 2695 917 2772 scandalorum
947 2698 992 2772 de
1019 2700 1077 2773 via
1110 2699 1236 2774 tollere
1267 2756 1276 2773 .
1304 2716 1340 2774 et
1367 2701 1514 2799 planum

511 2809 579 2884 iter
596 2807 708 2884 facere
724 2809 876 2884 dictante
903 2828 944 2885 ut
970 2811 1181 2885 confidimus
1199 2809 1271 2911 ipsa
1287 2837 1405 2885 rerum
1422 2812 1514 2885 veri-

512 2921 600 2996 tate²
620 2923 736 2998 conati
762 2921 891 2998 sumus.
942 2924 1102 3023 Superest
1121 2924 1199 3026 jam
1225 2942 1266 2998 ut
1293 2925 1455 2999 redeunti
1478 2941 1514 2998 et

511 3037 555 3111 de
584 3035 641 3110 via
665 3035 859 3136 longillima
886 3037 1041 3111 venienti
1068 3038 1114 3112 ad
1144 3063 1208 3112 nos
1234 3037 1309 3138 regi
1336 3036 1452 3111 nostro
1477 3055 1515 3114 et

512 3166 660 3249 patrono
684 3148 841 3223 celeriter
857 3174 1080 3224 occurramus
1102 3167 1137 3224 et
1153 3149 1357 3250 repatrianti
1374 3149 1411 3224 in
1434 3153 1515 3225 An·

510 3260 652 3359 glorum
682 3260 838 3359 primum
855 3316 864 3335 .
883 3262 1010 3337 deinde
1040 3261 1076 3335 in
1109 3263 1334 3363 Angelorum
1364 3263 1514 3362 patriam

511 3372 644 3447 devoto
677 3372 790 3448 fidelis
824 3372 890 3447 stili
925 3373 1115 3449 ministerio
1148 3400 1216 3475 pro
1248 3375 1383 3449 viribus
1416 3373 1540 3453 obse-c
1554 3418 1591 3464 η.

511 3510 672 3584 quamur.
726 3483 801 3584 Ipse
827 3512 914 3560 vero
942 3512 1014 3560 non
1040 3487 1150 3563 modo
1176 3488 1373 3561 humanum
1398 3485 1448 3562 set
1475 3505 1513 3563 et

512 3599 674 3674 divinum
685 3599 762 3702 jam
778 3600 969 3677 accusando
984 3619 1021 3677 et
1032 3602 1228 3704 judicando
1244 3602 1277 3679 se
1294 3662 1303 3679 .
1322 3604 1365 3678 src
1381 3604 1513 3680 studuit

507 3712 683 3813 judicium
710 3714 892 3814 prevenire
919 3733 960 3790 ut
987 3716 1028 3790 srt
1054 3717 1087 3791 ei
1112 3741 1179 3816 pro
1204 3716 1354 3791 minimo
1377 3716 1420 3791 ab
1445 3717 1513 3791 biis

506 3824 656 3926 judicari
675 3882 684 3899 .
703 3825 767 3926 qui
796 3826 833 3899 in
863 3843 999 3926 partem
1023 3828 1225 3903 utramlibet
1250 3828 1335 3904 odio
1360 3853 1513 3929 propen-

512 3938 613 4011 siores
629 3954 690 4012 aut
707 3935 845 4014 favore:
866 3937 971 4039 juxta
994 3941 1189 4015 humanum
1214 3941 1309 4015 diem
1320 3940 1483 4042 judicant
1501 3997 1511 4017 .

512 4050 665 4124 crebrius
681 4051 817 4124 erronie
834 4052 944 4125 rarius
960 4078 1051 4127 vere.

551 4185 563 4226 ¹
584 4200 682 4263 eruut,
696 4186 758 4259 H.;
777 4187 865 4258 exuit,
880 4187 920 4248 G.
1066 4188 1079 4230 ²
1100 4189 1160 4259 H.;
1180 4210 1279 4250 verum
1293 4191 1416 4261 reritate,
1431 4190 1471 4251 G.

1003 4295 1022 4341 F
