4050 5640
791 516 883 596 Vita
909 514 1073 595 Haroldi
1097 514 1224 622 Regis.
1453 540 1502 621 ²3

507 723 617 796 crucis
644 723 820 796 adorande
840 723 915 796 duo
940 739 1081 795 tantum
1099 720 1213 795 clerici
1239 738 1314 794 tam
1341 720 1506 793 brevibus

506 835 682 934 stipendiis
715 861 822 935 quam
856 835 957 908 testis
990 834 1148 908 contenti
1183 834 1377 908 humilibus
1407 833 1506 907 vide-

506 947 635 1021 bantur
651 947 825 1022 inservire.
876 950 929 1022 At
946 947 1001 1020 vir
1019 946 1225 1047 magnificus
1247 947 1366 1020 locum
1383 965 1419 1020 et
1437 945 1505 1020 loci

506 1061 643 1134 cultum
677 1061 892 1134 omnimodis
925 1060 1070 1159 cupiens
1103 1084 1185 1133 cum
1212 1058 1281 1132 suis
1310 1057 1506 1132 cultoribus

506 1171 689 1248 sublimare
723 1200 852 1248 novam
879 1174 927 1247 ibi
955 1173 1125 1247 basilicam
1151 1172 1317 1247 fabricare
1349 1230 1358 1246 .
1387 1171 1507 1246 minis-

505 1282 664 1360 trorum'
687 1313 814 1388 augere
856 1312 1044 1361 numerum
1086 1284 1335 1386 redditusque¹
1382 1313 1505 1361 eorum

506 1400 675 1499 proponit
725 1400 901 1499 ampliare.
972 1402 1098 1500 thue
1141 1400 1367 1474 celebriorem
1413 1398 1506 1473 fama

506 1512 728 1587 illustriorem
745 1513 952 1587 clericorum
969 1512 1168 1613 frequentia
1186 1569 1195 1587 .
1214 1512 1390 1587 celestibus
1404 1513 1507 1585 nobi-

506 1625 648 1698 litatum
685 1625 888 1699 muneribus
922 1626 1041 1699 locum
1082 1625 1266 1726 terrigenis
1306 1626 1504 1700 exhiberet:

506 1737 638 1813 scolas²
679 1739 809 1813 ibidem
851 1738 981 1813 institui
1030 1737 1093 1812 sub
1142 1738 1312 1840 regimine
1353 1737 1505 1838 magistri

506 1850 645 1926 Ailardi
683 1850 741 1925 sue
774 1869 815 1925 ut
849 1850 1060 1950 prelibatum
1096 1851 1145 1925 est
1182 1849 1301 1924 salutis
1338 1848 1504 1923 ministris

504 1963 730 2063 disposicione
747 1962 920 2064 satagebat
937 1963 1116 2062 prudenti.
1160 1964 1237 2037 Nec
1250 1963 1357 2062 paulo
1370 1961 1506 2062 segnius

505 2077 603 2176 quod
621 2095 738 2151 mente
755 2093 960 2175 conceperat
987 2102 1105 2150 rerum
1133 2074 1299 2176 pergebat
1325 2075 1505 2149 effectibus

506 2190 689 2287 parturire.
752 2189 939 2284 Jaciuntur
972 2188 1132 2262 festinato
1160 2189 1296 2262 ecclesie
1325 2188 1506 2288 amplioris

506 2299 1312 2402 fundamenta.surguntparietes.columpne⁸
1325 2300 1504 2377 sublimes.

505 2415 669 2489 distantes
695 2414 913 2489 abinvicem
942 2414 1117 2518 parietes.
1136 2439 1282 2488 arcuum
1309 2431 1371 2488 aut
1399 2414 1506 2489 testu·

506 2528 631 2602 dinum
651 2527 822 2602 emicidiis
849 2545 977 2603 mutuo
994 2528 1207 2603 federantur.
1259 2528 1412 2602 Culmen
1438 2526 1507 2601 im-

506 2643 657 2742 politum
691 2640 779 2715 aeris
822 2641 865 2715 ab
899 2641 1111 2742 introgressis
1144 2639 1302 2741 plumbei
1336 2639 1506 2741 objectiva

505 2752 663 2828 laminis:
700 2753 832 2827 variam
866 2752 1011 2827 secludit
1039 2753 1293 2852 intemperiem.
1345 2751 1506 2826 Binarius

506 2866 713 2940 clericorum
736 2892 903 2940 numerus
930 2866 1056 2940 scilicet
1074 2865 1231 2941 infamis:
1257 2864 1294 2938 in
1311 2863 1506 2938 misticum*

506 2979 643 3054 senatus
659 2979 834 3078 apostolici
852 2979 1109 3053 duodenarium
1126 2976 1369 3053 convalescet.⁶
1419 2979 1507 3052 Pul-

505 3094 676 3168 cherrima
710 3092 878 3167 nimirum
913 3092 1059 3167 'racione
1093 3111 1134 3166 ut
1175 3091 1327 3166 totidem
1360 3091 1398 3164 in
1430 3089 1507 3191 ejus

505 3206 642 3305 templo
677 3204 789 3279 sanae
831 3206 942 3280 crucis
979 3206 1142 3281 laudibus
1181 3203 1420 3305 perhenniter⁶
1452 3203 1508 3278 in-

506 3316 669 3392 servirent
686 3318 827 3418 persone
844 3337 932 3420 quot
950 3320 1042 3394 illius
1063 3319 1211 3421 gloriam
1227 3319 1362 3392 mundo
1379 3316 1508 3416 princi·
1518 3333 1569 3382 a&

507 3432 630 3531 paliter
654 3431 698 3504 ab
723 3432 828 3506 inicio
857 3433 1016 3507 homines
1039 3432 1261 3506 nunciassent.
1312 3430 1400 3504 Hiis
1422 3454 1507 3503 vero

506 3545 624 3643 predia
640 3539 677 3617 et
693 3544 908 3644 possessiones
924 3546 1018 3619 unde
1035 3544 1094 3618 sibi
1111 3545 1156 3618 ad
1173 3569 1315 3618 omnem
1340 3541 1509 3616 sufficien-

506 3658 595 3731 ciam
606 3659 784 3731 necessaria
796 3659 1018 3759 provenirent
1029 3658 1160 3732 liberali
1174 3655 1414 3730 munificencia
1424 3679 1509 3728 con-

504 3771 587 3843 tulit
604 3771 697 3870 regia
715 3797 856 3872 quoque
878 3772 1080 3845 auctoritate
1105 3769 1301 3844 confirmari
1326 3765 1509 3869 optinuit!

545 3992 558 4033 ¹
578 3993 686 4066 H.M.;
706 3995 878 4075 reditusque,
891 3995 932 4056 G.
1052 3992 1066 4034 ²
1085 3993 1193 4065 H.M.;
1215 3993 1330 4063 scholar,
1345 3991 1386 4050 G.

546 4073 559 4112 ⁸
579 4074 691 4147 H.M.;
712 4077 860 4148 columna,
874 4076 914 4135 G.
1050 4075 1064 4114 ⁴
1084 4075 1195 4144 H.M.;
1216 4073 1374 4152 mysticum,
1388 4071 1428 4131 G.

545 4153 559 4193 ³
581 4156 626 4214 M.
639 4180 648 4226 ς
669 4157 843 4229 convalescit,
859 4157 898 4217 G.
911 4182 920 4228 ς
941 4172 995 4216 -cer
1008 4156 1115 4216 altered
1130 4170 1160 4213 to
1172 4158 1232 4226 -ci‘r,
1247 4154 1288 4213 H.

545 4234 559 4274 ⁶
579 4235 690 4307 H.M.;
711 4239 881 4317 perenniter,
897 4239 935 4297 G.
1053 4237 1066 4279 ¹
1088 4236 1199 4306 H.M.;
1220 4235 1350 4307 obtinum
1365 4234 1405 4295 G.
