4050 5640
824 484 913 569 Vita
946 487 1110 568 Horoldi
1135 489 1261 597 Regis.
1491 518 1541 596 39

538 698 650 798 lapsus
667 701 783 774 videre
801 717 836 772 et
853 699 977 774 deflere
999 697 1060 771 sub
1078 697 1213 797 aspeclu
1232 705 1354 771 cuneta
1371 701 1542 772 cernentis

537 813 721 885 criminum
750 811 889 885 suorum
919 830 954 884 et
981 837 1137 884 errorum
1172 809 1283 909 lapsus
1316 813 1407 909 cepit
1443 813 1539 911 regni

536 925 640 1025 longe
671 924 830 998 felicioris
857 923 1043 997 faciliorem
1071 925 1185 996 multo
1210 925 1302 996 viam
1328 923 1537 1024 agnoscere.

535 1056 570 1111 et
598 1039 733 1137 copiam
769 1037 962 1137 presentire.
1015 1039 1117 1111 Sedet
1147 1037 1264 1109 animo
1291 1039 1401 1110 crucis
1431 1065 1538 1138 quam

535 1171 708 1224 amaverat
736 1152 946 1224 imitatorem
977 1150 1041 1222 esse
1067 1149 1187 1221 tollere
1212 1150 1370 1248 quotidie
1398 1176 1536 1223 crucem

533 1261 628 1336 suam
645 1265 763 1337 venire
781 1263 856 1362 post
874 1264 1096 1336 crucifixum:
1115 1281 1150 1334 et
1168 1260 1280 1360 ipsum
1299 1261 1404 1363 sequi.
1457 1264 1536 1336 Nec

532 1403 651 1450 veroa
669 1395 786 1449 mente
811 1377 939 1450 excidit
962 1376 1044 1474 quia
1070 1394 1110 1447 ut
1136 1377 1180 1448 ad
1206 1376 1268 1447 hec
1292 1375 1438 1448 idoneus
1461 1377 1534 1449 lieri

533 1489 633 1587 poffit
650 1487 683 1562 se
700 1487 813 1588 ipsum
831 1489 866 1562 in
886 1489 1006 1587 primis
1019 1488 1188 1588 abnegare
1199 1487 1327 1560 necesse
1338 1489 1387 1560 stt.
1423 1490 1533 1584 Quod

531 1601 777 1674 nichilominus
794 1621 833 1674 ut
848 1602 948 1700 pollit
971 1602 1121 1675 eundem
1145 1599 1257 1699 ipsum
1278 1601 1337 1673 fibi
1361 1602 1397 1673 in
1415 1627 1534 1674 exem-

530 1715 629 1811 plum
655 1714 819 1817 proponit
844 1732 880 1787 et
905 1713 1100 1814 adjutorem
1123 1713 1259 1786 assumit
1278 1771 1287 1785 .
1305 1714 1366 1812 qui
1388 1738 1469 1786 curn
1495 1714 1532 1787 in

467 1886 471 1899 .
529 1824 640 1900 forma
667 1826 734 1900 Dei
768 1827 850 1900 esset
884 1825 1029 1925 seipsum
1065 1826 1211 1899 sormam
1246 1823 1332 1898 servi
1362 1827 1533 1924 accipiens

527 1938 728 2012 exinanivit.
782 1941 943 2013 lntuetur
954 1939 1031 2040 jam
1048 1940 1197 2039 qualiter
1213 1939 1390 2011 Dominus
1406 1940 1529 2014 mundi

527 2053 744 2126 mundanum
762 2078 841 2125 cum
860 2052 940 2125 esset
958 2053 994 2124 in
1013 2052 1147 2125 mundo
1170 2049 1296 2149 sprevit
1314 2051 1499 2149 imperium
1519 2109 1529 2124 .

525 2166 585 2265 qui
604 2183 639 2238 et
656 2167 807 2266 questus
823 2167 859 2239 in
877 2192 1014 2266 regem:
1041 2164 1169 2264 sugerit
1189 2222 1197 2237 .
1216 2182 1251 2237 et
1269 2165 1410 2237 milibus
1431 2163 1529 2237 obse-

524 2279 711 2377 quencium
740 2279 852 2352 turbis
886 2277 1032 2351 solitarie
1064 2277 1230 2350 orationis
1259 2275 1419 2350 secessum
1448 2303 1529 2375 pre-

523 2390 652 2463 tulerit.
712 2389 956 2464 Reminiscitur
988 2391 1106 2464 datam
1141 2389 1222 2461 huic
1265 2415 1326 2487 per
1367 2390 1527 2487 passionis

522 2502 608 2576 dure
638 2521 672 2575 et
703 2504 825 2576 mortis
853 2504 927 2578 dire
962 2502 1168 2602 supplicium
1203 2527 1344 2574 omnem
1378 2502 1414 2574 in
1450 2504 1525 2575 celo

521 2632 557 2687 et
586 2614 740 2688 interra
768 2616 982 2715 potestatem.
1036 2616 1200 2689 Previdet
1227 2615 1271 2687 ab
1299 2615 1395 2686 omni
1423 2638 1524 2688 carne

522 2726 602 2799 huic
616 2729 756 2803 tandem
770 2730 1020 2803 occurrendum
1034 2786 1041 2801 .
1053 2728 1258 2803 donandum
1270 2725 1314 2799 ab
1327 2752 1370 2799 eo
1382 2752 1522 2799 omnem

520 2840 698 2914 hominem
722 2868 831 2942 regno
853 2843 908 2915 vel
933 2841 1101 2940 supplicio
1121 2839 1279 2912 meminit
1303 2838 1520 2938 sempiterno.

519 2953 589 3026 Scit
619 2953 784 3053 quidem¹
815 2956 838 3027 sr
864 2974 961 3028 eatur
995 2956 1038 3029 ad
1065 2954 1356 3027 committendum
1391 2952 1520 3025 bellum

519 3090 599 3138 cum
634 3092 677 3139 eo
704 3065 774 3166 ipse
802 3094 882 3140 cum
912 3069 1031 3142 decem
1059 3067 1199 3140 milibus
1233 3066 1291 3138 libi
1327 3067 1518 3140 occurrenti

518 3178 643 3252 obvius
665 3205 745 3253 cum
763 3181 889 3281 viginti
916 3181 1057 3253 milibus
1078 3180 1194 3252 veniat
1224 3178 1325 3278 cujus
1350 3180 1519 3257 adventus

517 3290 723 3389 improvisus
748 3292 847 3394 cujus
866 3291 980 3392 dispar
997 3310 1180 3392 apparatus
1199 3349 1207 3365 .
1226 3318 1333 3391 quam
1340 3290 1518 3371 2.latenter

515 3404 649 3479 invadit
683 3425 755 3479 tam
799 3425 959 3505 potenter
1001 3406 1238 3505 improvidum
1271 3394 1448 3505 quemque
1481 3425 1517 3480 et

514 3515 723 3615 imparatum
742 3544 993 3619 nonnunquam
1011 3519 1217 3592 exterminat
1234 3534 1269 3589 et
1286 3518 1471 3619 extinguit.

565 3629 765 3704 Posthabito
794 3633 902 3732 igitur
930 3633 1022 3706 inani
1050 3632 1250 3731 temporalis
1275 3633 1372 3732 regni
1403 3632 1515 3708 studio

513 3740 648 3841 abjecto
680 3761 815 3817 terrene
848 3745 1116 3818 concertacionis
1150 3745 1282 3817 exiciali
1326 3747 1511 3844 proposito.

511 3856 572 3929 Ad
596 3855 688 3929 hunc
712 3883 827 3957 regern
854 3859 967 3932 adhuc
993 3859 1096 3957 longe
1120 3875 1280 3956 agentem
1303 3858 1540 3957 legationemt
1556 3905 1591 3938 ια

475 3982 480 3993 “
509 3968 646 4041 mittere
676 3970 790 4043 abeo
819 3998 887 4071 que
916 3998 996 4044 vere
1024 3972 1117 4069 pacis
1142 3969 1220 4042 sunt
1245 3986 1321 4042 tota
1347 3971 1511 4068 proponit

508 4081 705 4155 intencione
739 4083 917 4181 postulare.
971 4085 1082 4184 Cujus
1108 4103 1225 4156 tamen
1252 4084 1338 4156 iram
1369 4082 1436 4156 suis
1471 4102 1510 4156 ut

507 4229 518 4267 ¹
541 4232 694 4307 Quoniam,
710 4231 768 4300 G.;
791 4230 848 4310 qffr,
865 4232 925 4301 H.;
948 4249 1092 4311 quantum,
1110 4233 1154 4292 M.
1201 4232 1214 4271 ‘·'
1235 4231 1295 4301 H.;
1310 4254 1405 4310 quern,
1422 4234 1508 4292 ΜΩ.
