4050 5640
778 575 806 652 4
1067 548 1155 628 Vita
1185 547 1348 628 Haroldi
1372 550 1500 658 Regis.

779 783 887 837 nutus
922 763 1075 863 injungit
1112 822 1119 837 .
1156 783 1190 836 et
1217 765 1316 864 quod
1354 765 1466 837 noster
1499 763 1636 836 animus
1668 763 1779 861 gestit.

777 879 1008 976 Expetendus
1035 896 1153 950 autem
1184 876 1390 976 summoque
1419 875 1493 950 nisu
1524 875 1680 948 censetur
1707 902 1781 948 am-

778 990 982 1090 plestendus
996 990 1123 1065 modici
1143 990 1247 1064 sudor
1265 990 1435 1089 temporis
1453 1048 1461 1065 .
1480 1016 1555 1089 quo
1573 1016 1644 1063 non
1662 989 1778 1088 exigui

777 1123 812 1176 et
831 1104 978 1176 labentis
1003 1103 1058 1177 evi
1077 1103 1271 1178 celebritas:
1299 1103 1409 1175 immo
1427 1103 1539 1176 laudis
1556 1120 1590 1175 et
1608 1101 1719 1200 glorie
1737 1128 1780 1175 eo

776 1215 934 1288 mansure
962 1242 1035 1315 quo
1061 1235 1177 1289 eterne
1202 1217 1307 1289 decus
1332 1235 1366 1289 et
1395 1215 1558 1313 splendor
1584 1214 1776 1313 optinetur.

777 1329 943 1401 Ceterum
957 1328 1084 1427 quovis
1097 1354 1162 1425 pro
1175 1328 1291 1401 labore
1309 1347 1370 1401 aut
1389 1354 1493 1427 opere
1508 1385 1516 1401 .
1532 1327 1644 1400 laudis
1657 1327 1779 1399 transr-

775 1441 864 1514 torie
882 1441 1044 1538 expetisse
1071 1443 1285 1516 mercedem:
1313 1468 1454 1539 operam
1479 1439 1661 1538 perdidisse
1679 1440 1725 1511 est
1742 1457 1776 1511 et

775 1553 975 1650 impensam.
1029 1555 1114 1627 Non
1140 1552 1251 1626 solum
1278 1572 1395 1626 autern
1421 1552 1477 1627 sed
1495 1579 1557 1625 nec
1576 1554 1777 1625 nullatenus

774 1666 926 1764 expetite
960 1668 1057 1738 ultro
1092 1684 1208 1738 tamen
1243 1666 1370 1765 ingeste
1403 1665 1613 1765 adquievisse
1647 1664 1778 1738 favoris

774 1779 933 1852 illecebre
970 1778 1098 1852 interni
1134 1779 1226 1852 testis
1259 1798 1293 1851 et
1329 1779 1439 1851 eterni
1464 1778 1595 1878 judicis
1629 1777 1775 1877 seipsum

773 1891 1006 1964 retribucione
1032 1909 1067 1964 et
1086 1893 1187 1964 laude
1214 1891 1359 1989 privasse
1384 1892 1440 1965 est.
1494 1893 1602 1964 Extat
1619 1892 1712 1963 enim
1731 1891 1775 1964 de

772 2003 966 2103 ejusmodi:
993 2003 1146 2104 ejusdem
1164 2003 1330 2079 diffinicio
1348 2006 1441 2077 hunc
1459 2004 1588 2077 habens
1605 2006 1773 2079 modum:

773 2116 906 2189 Amen1
926 2116 1006 2190 dico
1025 2116 1146 2191 vobis:
1174 2134 1380 2214 receperunt
1398 2118 1591 2190 mercedem
1610 2115 1716 2191 suam.

821 2230 928 2323 Jubet
969 2229 1077 2328 igitur
1103 2254 1141 2301 ac
1177 2229 1265 2328 petit
1301 2229 1488 2303 aussoritas
1514 2246 1658 2328 paterna
1692 2287 1701 2303 .
1737 2248 1772 2304 et

776 2341 928 2415 sraterna
962 2342 1085 2415 caritas
1119 2343 1226 2415 vestra
1260 2343 1427 2442 quatinus
1468 2369 1559 2441 opus
1591 2344 1772 2442 egregium

770 2455 867 2555 quod
894 2472 1035 2553 ceptum
1062 2457 1270 2528 excellenter
1286 2455 1518 2555 decenterque
1537 2462 1741 2555 provedum
1762 2515 1770 2531 .

770 2566 999 2641 laudabilem²
1016 2567 1180 2639 instanter
1197 2567 1330 2666 urgetis
1347 2568 1390 2641 ad
1414 2568 1605 2641 terminum
1625 2627 1632 2642 .
1653 2568 1773 2668 sump-

733 2760 736 2765 ,
770 2681 865 2753 tibus
882 2680 1064 2779 invigilem
1088 2679 1169 2752 hinc
1187 2680 1268 2753 inde
1285 2680 1466 2778 assumptis
1483 2707 1711 2780 promovere.
1728 2708 1771 2755 ne

768 2792 861 2865 sorte
880 2793 946 2891 piis
962 2792 1072 2866 destnt
1097 2792 1298 2890 o[peri]bus
1323 2794 1423 2891 copie
1445 2793 1623 2866 necessarie
1640 2793 1684 2866 ad
1702 2795 1769 2867 boc

767 2904 1027 3004 perficiendum.
1081 2905 1136 2978 Ex
1164 2904 1268 2977 variis
1302 2931 1427 3004 nempe
1461 2923 1601 3004 patrum
1636 2905 1770 3003 scriptis

767 3019 935 3091 volumen
966 3017 1096 3115 insigne
1124 3016 1160 3088 in
1195 3018 1383 3090 modulum
1418 3018 1522 3090 unius
1556 3016 1636 3090 libri
1671 3044 1769 3092 com-

767 3134 907 3228 padtum
926 3188 934 3202 .
954 3131 998 3203 ad
1016 3130 1156 3202 laudem
1177 3148 1212 3202 et
1230 3131 1274 3202 de
1291 3130 1394 3203 laude
1421 3129 1570 3230 gloriose
1592 3156 1630 3203 ac
1648 3131 1767 3204 deifice

766 3242 877 3316 crucis
894 3241 1081 3339 operiosius
1104 3241 1321 3314 elaboratum
1344 3243 1444 3341 gestis
1467 3243 1767 3317 memorabilibus³

765 3354 962 3429 fundatoris
985 3352 1102 3426 vestri⁴
1121 3411 1129 3427 .
1149 3353 1249 3453 cujus
1277 3355 1444 3428 memoria
1467 3354 1504 3428 in
1527 3356 1767 3431 benedidione

764 3468 811 3542 est
845 3524 853 3541 .
890 3467 1018 3565 cupitis
1058 3465 1210 3565 insigniri
1246 3524 1255 3540 .
1291 3467 1423 3566 talique
1463 3486 1503 3541 ut
1544 3468 1592 3541 ita
1630 3469 1767 3543 dicatur

764 3582 954 3653 celeumate
972 3579 1126 3652 laborem
1144 3579 1307 3653 votivum
1331 3578 1572 3654 consummari.
1626 3582 1767 3655 Lauda-

764 3693 833 3765 bile
860 3693 983 3791 procul
1011 3691 1121 3766 dubio
1148 3692 1230 3790 quia
1255 3693 1427 3766 devotum
1446 3750 1454 3766 .
1474 3692 1556 3791 quia
1574 3694 1764 3790 providum

764 3806 827 3877 hac
855 3805 891 3876 in
920 3822 1036 3902 parte:
1074 3803 1261 3877 sanctitatis
1288 3805 1395 3878 vestre
1425 3805 1640 3879 defiderium.
1706 3807 1766 3881 Est

763 3915 907 4015 quidem
933 3915 1136 3989 devocionis
1170 3942 1232 3989 nec
1259 3916 1412 3990 indebite
1446 3919 1545 4016 quod
1579 3919 1668 3991 tanti
1697 3919 1764 3992 viri

763 4029 936 4128 magnalia
955 4027 1124 4101 nasciture
1147 4030 1340 4128 preoptatis
1358 4030 1547 4127 posteritati
1565 4032 1763 4107 litterarum

801 4192 813 4231 ¹
836 4193 922 4251 Mart
937 4194 973 4251 vi.
989 4212 1016 4264 2,
1033 4208 1058 4270 ς.
1349 4194 1362 4234 ¹
1382 4194 1445 4266 H.;
1467 4196 1614 4269 laudabile,
1631 4197 1718 4257 G.M.

800 4272 813 4312 ⁸
833 4272 945 4343 H.M.;
966 4274 1201 4346 memorabilibus,
1217 4275 1256 4334 G.
1347 4276 1360 4314 ⁴
1381 4275 1494 4348 H.M.;
1516 4278 1607 4350 nostri,
1625 4278 1664 4338 G.
