<?xml version="1.0" encoding="UTF-8"?>
<!DOCTYPE html PUBLIC "-//W3C//DTD XHTML 1.0 Transitional//EN"
    "http://www.w3.org/TR/xhtml1/DTD/xhtml1-transitional.dtd">
<html xmlns="http://www.w3.org/1999/xhtml" xml:lang="en" lang="en">
 <head>
  <title>
</title>
<meta http-equiv="Content-Type" content="text/html;charset=utf-8" />
  <meta name='ocr-system' content='tesseract 3.04.00' />
  <meta name='ocr-capabilities' content='ocr_page ocr_carea ocr_par ocr_line ocrx_word'/>
</head>
<body>
  <div class='ocr_page' id='page_1' title='image "./vitaharoldiroma01musegoog_0082.png"; bbox 0 0 3938 5610; ppageno 0'>
   <div class='ocr_carea' id='block_1_1' title="bbox 687 485 1405 595">
    <p class='ocr_par' dir='ltr' id='par_1_1' title="bbox 687 485 1405 595">
     <span class='ocr_line' id='line_1_1' title="bbox 687 485 1405 595; baseline -0.001 -28"><span class='ocrx_word' id='word_1_1' title='bbox 687 487 776 567; x_wconf 81' lang='lat' dir='ltr'>Vita</span> <span class='ocrx_word' id='word_1_2' title='bbox 806 485 971 567; x_wconf 85' lang='lat' dir='ltr'>Haroldi</span> <span class='ocrx_word' id='word_1_3' title='bbox 994 487 1121 595; x_wconf 82' lang='lat' dir='ltr'>Regis.</span> <span class='ocrx_word' id='word_1_4' title='bbox 1353 513 1405 593; x_wconf 86' lang='lat'>59</span> 
     </span>
    </p>
   </div>
   <div class='ocr_carea' id='block_1_2' title="bbox 397 696 1478 4075">
    <p class='ocr_par' dir='ltr' id='par_1_2' title="bbox 397 696 1478 2049">
     <span class='ocr_line' id='line_1_2' title="bbox 403 696 1406 799; baseline -0.003 -25"><span class='ocrx_word' id='word_1_5' title='bbox 403 715 545 799; x_wconf 87' lang='lat' dir='ltr'>repente</span> <span class='ocrx_word' id='word_1_6' title='bbox 563 726 625 773; x_wconf 91' lang='lat' dir='ltr'>nec</span> <span class='ocrx_word' id='word_1_7' title='bbox 643 697 817 799; x_wconf 84' lang='lat' dir='ltr'>frangitur</span> <span class='ocrx_word' id='word_1_8' title='bbox 835 755 843 771; x_wconf 92' lang='lat'>.</span> <span class='ocrx_word' id='word_1_9' title='bbox 863 698 1050 772; x_wconf 88' lang='lat' dir='ltr'>inclinatur</span> <span class='ocrx_word' id='word_1_10' title='bbox 1067 696 1124 772; x_wconf 92' lang='lat' dir='ltr'>sed</span> <span class='ocrx_word' id='word_1_11' title='bbox 1141 724 1161 770; x_wconf 90' lang='lat' dir='ltr'>a</span> <span class='ocrx_word' id='word_1_12' title='bbox 1178 697 1291 771; x_wconf 88' lang='lat' dir='ltr'>tocius</span> <span class='ocrx_word' id='word_1_13' title='bbox 1316 698 1406 771; x_wconf 93' lang='lat' dir='ltr'>inte-</span> 
     </span>
     <span class='ocr_line' id='line_1_3' title="bbox 402 811 1405 914; baseline -0.003 -28"><span class='ocrx_word' id='word_1_14' title='bbox 402 812 530 914; x_wconf 85' lang='lat' dir='ltr'>gritate</span> <span class='ocrx_word' id='word_1_15' title='bbox 564 811 705 914; x_wconf 59' lang='lat' dir='ltr'>subjecti</span> <span class='ocrx_word' id='word_1_16' title='bbox 739 811 896 909; x_wconf 89' lang='lat' dir='ltr'>corporis</span> <span class='ocrx_word' id='word_1_17' title='bbox 929 812 984 884; x_wconf 90' lang='lat' dir='ltr'>vel</span> <span class='ocrx_word' id='word_1_18' title='bbox 1018 811 1142 884; x_wconf 87' lang='lat' dir='ltr'>annexi</span> <span class='ocrx_word' id='word_1_19' title='bbox 1178 811 1301 909; x_wconf 88' lang='lat' dir='ltr'>capitis</span> <span class='ocrx_word' id='word_1_20' title='bbox 1344 838 1405 884; x_wconf 89' lang='lat' dir='ltr'>nec</span> 
     </span>
     <span class='ocr_line' id='line_1_4' title="bbox 402 923 1404 1022; baseline -0.002 -24"><span class='ocrx_word' id='word_1_21' title='bbox 402 924 596 999; x_wconf 78' lang='lat' dir='ltr'>tenuissima</span> <span class='ocrx_word' id='word_1_22' title='bbox 638 924 726 999; x_wconf 88' lang='lat' dir='ltr'>rima</span> <span class='ocrx_word' id='word_1_23' title='bbox 768 924 942 998; x_wconf 85' lang='lat' dir='ltr'>mediante</span> <span class='ocrx_word' id='word_1_24' title='bbox 984 924 1174 1022; x_wconf 79' lang='lat' dir='ltr'>dissipatur.</span> <span class='ocrx_word' id='word_1_25' title='bbox 1248 925 1324 997; x_wconf 92' lang='lat' dir='ltr'>Nec</span> <span class='ocrx_word' id='word_1_26' title='bbox 1367 923 1404 996; x_wconf 93' lang='lat' dir='ltr'>in</span> 
     </span>
     <span class='ocr_line' id='line_1_5' title="bbox 402 1036 1404 1137; baseline -0.002 -27"><span class='ocrx_word' id='word_1_27' title='bbox 402 1036 547 1137; x_wconf 75' lang='lat' dir='ltr'>simplici</span> <span class='ocrx_word' id='word_1_28' title='bbox 574 1055 714 1114; x_wconf 85' lang='lat' dir='ltr'>tantum</span> <span class='ocrx_word' id='word_1_29' title='bbox 743 1037 888 1111; x_wconf 88' lang='lat' dir='ltr'>materia</span> <span class='ocrx_word' id='word_1_30' title='bbox 917 1038 986 1110; x_wconf 89' lang='lat' dir='ltr'>tale</span> <span class='ocrx_word' id='word_1_31' title='bbox 1015 1093 1024 1110; x_wconf 89' lang='lat'><strong>.</strong></span> <span class='ocrx_word' id='word_1_32' title='bbox 1052 1054 1087 1110; x_wconf 92' lang='lat' dir='ltr'>et</span> <span class='ocrx_word' id='word_1_33' title='bbox 1116 1054 1252 1110; x_wconf 86' lang='lat' dir='ltr'>tantum</span> <span class='ocrx_word' id='word_1_34' title='bbox 1280 1036 1404 1110; x_wconf 77' lang='lat' dir='ltr'>effulsit</span> 
     </span>
     <span class='ocr_line' id='line_1_6' title="bbox 402 1149 1404 1250; baseline -0.002 -25"><span class='ocrx_word' id='word_1_35' title='bbox 402 1151 621 1225; x_wconf 87' lang='lat' dir='ltr'>miraculum.</span> <span class='ocrx_word' id='word_1_36' title='bbox 675 1152 770 1223; x_wconf 89' lang='lat' dir='ltr'>Nam</span> <span class='ocrx_word' id='word_1_37' title='bbox 795 1150 894 1250; x_wconf 92' lang='lat' dir='ltr'>quod</span> <span class='ocrx_word' id='word_1_38' title='bbox 918 1149 1005 1248; x_wconf 86' lang='lat' dir='ltr'>lapis</span> <span class='ocrx_word' id='word_1_39' title='bbox 1030 1149 1175 1222; x_wconf 87' lang='lat' dir='ltr'>interius</span> <span class='ocrx_word' id='word_1_40' title='bbox 1205 1151 1316 1223; x_wconf 90' lang='lat' dir='ltr'>latens</span> <span class='ocrx_word' id='word_1_41' title='bbox 1341 1151 1404 1222; x_wconf 90' lang='lat' dir='ltr'>hec</span> 
     </span>
     <span class='ocr_line' id='line_1_7' title="bbox 402 1262 1405 1364; baseline -0.001 -27"><span class='ocrx_word' id='word_1_42' title='bbox 402 1281 438 1337; x_wconf 88' lang='lat' dir='ltr'>et</span> <span class='ocrx_word' id='word_1_43' title='bbox 464 1283 650 1364; x_wconf 86' lang='lat' dir='ltr'>argentum</span> <span class='ocrx_word' id='word_1_44' title='bbox 678 1262 831 1337; x_wconf 85' lang='lat' dir='ltr'>exterius</span> <span class='ocrx_word' id='word_1_45' title='bbox 855 1262 1010 1336; x_wconf 86' lang='lat' dir='ltr'>ambiens</span> <span class='ocrx_word' id='word_1_46' title='bbox 1035 1262 1215 1361; x_wconf 85' lang='lat' dir='ltr'>duplicato</span> <span class='ocrx_word' id='word_1_47' title='bbox 1243 1263 1405 1337; x_wconf 88' lang='lat' dir='ltr'>videlicet</span> 
     </span>
     <span class='ocr_line' id='line_1_8' title="bbox 403 1374 1402 1476; baseline -0.003 -24"><span class='ocrx_word' id='word_1_48' title='bbox 403 1376 566 1476; x_wconf 89' lang='lat' dir='ltr'>prodigio</span> <span class='ocrx_word' id='word_1_49' title='bbox 590 1375 736 1476; x_wconf 88' lang='lat' dir='ltr'>pertulit</span> <span class='ocrx_word' id='word_1_50' title='bbox 759 1375 888 1475; x_wconf 89' lang='lat' dir='ltr'>pariter</span> <span class='ocrx_word' id='word_1_51' title='bbox 911 1393 945 1447; x_wconf 91' lang='lat' dir='ltr'>et</span> <span class='ocrx_word' id='word_1_52' title='bbox 969 1375 1129 1449; x_wconf 88' lang='lat' dir='ltr'>ostendit.</span> <span class='ocrx_word' id='word_1_53' title='bbox 1183 1374 1259 1474; x_wconf 90' lang='lat' dir='ltr'>lpsa</span> <span class='ocrx_word' id='word_1_54' title='bbox 1278 1402 1402 1475; x_wconf 87' lang='lat' dir='ltr'>nempe</span> 
     </span>
     <span class='ocr_line' id='line_1_9' title="bbox 402 1487 1403 1590; baseline -0.001 -28"><span class='ocrx_word' id='word_1_55' title='bbox 402 1489 498 1563; x_wconf 83' lang='lat' dir='ltr'>illius</span> <span class='ocrx_word' id='word_1_56' title='bbox 514 1514 644 1590; x_wconf 84' lang='lat' dir='ltr'>ymago</span> <span class='ocrx_word' id='word_1_57' title='bbox 660 1490 789 1589; x_wconf 92' lang='lat' dir='ltr'>dequo</span> <span class='ocrx_word' id='word_1_58' title='bbox 801 1487 968 1587; x_wconf 88' lang='lat' dir='ltr'>scriptum</span> <span class='ocrx_word' id='word_1_59' title='bbox 985 1489 1033 1561; x_wconf 91' lang='lat' dir='ltr'>est</span> <span class='ocrx_word' id='word_1_60' title='bbox 1050 1545 1059 1562; x_wconf 85' lang='lat'><strong>.</strong></span> <span class='ocrx_word' id='word_1_61' title='bbox 1079 1488 1265 1561; x_wconf 77' lang='lat' dir='ltr'>Surrerunt1</span> <span class='ocrx_word' id='word_1_62' title='bbox 1285 1490 1348 1562; x_wconf 85' lang='lat' dir='ltr'>mel</span> <span class='ocrx_word' id='word_1_63' title='bbox 1364 1491 1403 1561; x_wconf 85' lang='lat' dir='ltr'>dc</span> 
     </span>
     <span class='ocr_line' id='line_1_10' title="bbox 397 1601 1403 1702; baseline -0.001 -26"><span class='ocrx_word' id='word_1_64' title='bbox 397 1618 502 1700; x_wconf 83' lang='lat' dir='ltr'>petra</span> <span class='ocrx_word' id='word_1_65' title='bbox 521 1605 686 1701; x_wconf 81' lang='lat' dir='ltr'>oleumque</span> <span class='ocrx_word' id='word_1_66' title='bbox 702 1604 742 1676; x_wconf 83' lang='lat' dir='ltr'>de</span> <span class='ocrx_word' id='word_1_67' title='bbox 757 1606 847 1699; x_wconf 82' lang='lat' dir='ltr'>saxo</span> <span class='ocrx_word' id='word_1_68' title='bbox 875 1603 1041 1694; x_wconf 82' lang='lat' dir='ltr'>durifflmo</span> <span class='ocrx_word' id='word_1_69' title='bbox 1062 1661 1070 1676; x_wconf 92' lang='lat'><strong>.</strong></span> <span class='ocrx_word' id='word_1_70' title='bbox 1090 1601 1234 1676; x_wconf 85' lang='lat' dir='ltr'>materia</span> <span class='ocrx_word' id='word_1_71' title='bbox 1258 1601 1403 1702; x_wconf 88' lang='lat' dir='ltr'>quidem</span> 
     </span>
     <span class='ocr_line' id='line_1_11' title="bbox 402 1713 1401 1815; baseline -0.001 -24"><span class='ocrx_word' id='word_1_72' title='bbox 402 1717 538 1815; x_wconf 83' lang='lat' dir='ltr'>petrina</span> <span class='ocrx_word' id='word_1_73' title='bbox 556 1774 565 1791; x_wconf 85' lang='lat'><strong>.</strong></span> <span class='ocrx_word' id='word_1_74' title='bbox 585 1716 695 1790; x_wconf 94' lang='lat' dir='ltr'>immo</span> <span class='ocrx_word' id='word_1_75' title='bbox 712 1733 747 1789; x_wconf 90' lang='lat' dir='ltr'>et</span> <span class='ocrx_word' id='word_1_76' title='bbox 773 1713 870 1789; x_wconf 86' lang='lat' dir='ltr'>saxea</span> <span class='ocrx_word' id='word_1_77' title='bbox 894 1716 942 1789; x_wconf 94' lang='lat' dir='ltr'>est</span> <span class='ocrx_word' id='word_1_78' title='bbox 968 1773 977 1789; x_wconf 91' lang='lat'><strong>.</strong></span> <span class='ocrx_word' id='word_1_79' title='bbox 1004 1715 1172 1814; x_wconf 86' lang='lat' dir='ltr'>qualitate</span> <span class='ocrx_word' id='word_1_80' title='bbox 1198 1715 1401 1790; x_wconf 78' lang='lat' dir='ltr'>durissima:</span> 
     </span>
     <span class='ocr_line' id='line_1_12' title="bbox 403 1826 1478 1927; baseline -0.004 -25"><span class='ocrx_word' id='word_1_81' title='bbox 403 1829 492 1904; x_wconf 89' lang='lat' dir='ltr'>circa</span> <span class='ocrx_word' id='word_1_82' title='bbox 509 1830 673 1904; x_wconf 87' lang='lat' dir='ltr'>humeros</span> <span class='ocrx_word' id='word_1_83' title='bbox 698 1831 831 1903; x_wconf 92' lang='lat' dir='ltr'>collum</span> <span class='ocrx_word' id='word_1_84' title='bbox 856 1845 891 1902; x_wconf 88' lang='lat' dir='ltr'>et</span> <span class='ocrx_word' id='word_1_85' title='bbox 912 1831 1059 1902; x_wconf 87' lang='lat' dir='ltr'>lacertos</span> <span class='ocrx_word' id='word_1_86' title='bbox 1081 1826 1178 1927; x_wconf 82' lang='lat' dir='ltr'>spissa</span> <span class='ocrx_word' id='word_1_87' title='bbox 1197 1885 1205 1901; x_wconf 92' lang='lat'><strong>.</strong></span> <span class='ocrx_word' id='word_1_88' title='bbox 1223 1844 1259 1901; x_wconf 91' lang='lat' dir='ltr'>et</span> <span class='ocrx_word' id='word_1_89' title='bbox 1285 1848 1326 1902; x_wconf 94' lang='lat' dir='ltr'>ut</span> <span class='ocrx_word' id='word_1_90' title='bbox 1353 1830 1478 1903; x_wconf 79' lang='lat' dir='ltr'>itas-1⁵·</span> 
     </span>
     <span class='ocr_line' id='line_1_13' title="bbox 403 1934 771 2049; baseline -0.005 -32"><span class='ocrx_word' id='word_1_91' title='bbox 403 1943 540 2049; x_wconf 54' lang='lat' dir='ltr'>dicatu(</span> <span class='ocrx_word' id='word_1_92' title='bbox 556 1934 771 2042; x_wconf 83' lang='lat' dir='ltr'>corpulenta.</span> 
     </span>
    </p>

    <p class='ocr_par' dir='ltr' id='par_1_3' title="bbox 399 2054 1402 4075">
     <span class='ocr_line' id='line_1_14' title="bbox 452 2054 1402 2156; baseline -0.001 -25"><span class='ocrx_word' id='word_1_93' title='bbox 452 2058 535 2131; x_wconf 89' lang='lat' dir='ltr'>Hec</span> <span class='ocrx_word' id='word_1_94' title='bbox 570 2056 783 2130; x_wconf 86' lang='lat' dir='ltr'>revelacione</span> <span class='ocrx_word' id='word_1_95' title='bbox 825 2055 945 2128; x_wconf 85' lang='lat' dir='ltr'>divina</span> <span class='ocrx_word' id='word_1_96' title='bbox 978 2055 1014 2127; x_wconf 93' lang='lat' dir='ltr'>in</span> <span class='ocrx_word' id='word_1_97' title='bbox 1055 2054 1185 2131; x_wconf 89' lang='lat' dir='ltr'>montis</span> <span class='ocrx_word' id='word_1_98' title='bbox 1224 2054 1402 2156; x_wconf 90' lang='lat' dir='ltr'>cujusdam</span> 
     </span>
     <span class='ocr_line' id='line_1_15' title="bbox 400 2167 1400 2267; baseline -0.003 -22"><span class='ocrx_word' id='word_1_99' title='bbox 400 2169 531 2245; x_wconf 84' lang='lat' dir='ltr'>vertice</span> <span class='ocrx_word' id='word_1_100' title='bbox 558 2168 620 2243; x_wconf 93' lang='lat' dir='ltr'>sub</span> <span class='ocrx_word' id='word_1_101' title='bbox 646 2188 738 2243; x_wconf 88' lang='lat' dir='ltr'>terra</span> <span class='ocrx_word' id='word_1_102' title='bbox 767 2167 836 2243; x_wconf 89' lang='lat' dir='ltr'>fuit</span> <span class='ocrx_word' id='word_1_103' title='bbox 860 2187 1024 2267; x_wconf 88' lang='lat' dir='ltr'>reperta.</span> <span class='ocrx_word' id='word_1_104' title='bbox 1049 2194 1112 2242; x_wconf 90' lang='lat' dir='ltr'>nec</span> <span class='ocrx_word' id='word_1_105' title='bbox 1133 2167 1208 2242; x_wconf 88' lang='lat' dir='ltr'>sciri</span> <span class='ocrx_word' id='word_1_106' title='bbox 1235 2170 1400 2243; x_wconf 61' lang='lat' dir='ltr'>haetenus</span> 
     </span>
     <span class='ocr_line' id='line_1_16' title="bbox 402 2281 1400 2383; baseline -0.001 -27"><span class='ocrx_word' id='word_1_107' title='bbox 402 2283 520 2383; x_wconf 90' lang='lat' dir='ltr'>potuit</span> <span class='ocrx_word' id='word_1_108' title='bbox 545 2283 727 2383; x_wconf 93' lang='lat' dir='ltr'>quomodo</span> <span class='ocrx_word' id='word_1_109' title='bbox 751 2284 806 2355; x_wconf 89' lang='lat' dir='ltr'>vel</span> <span class='ocrx_word' id='word_1_110' title='bbox 825 2308 845 2354; x_wconf 89' lang='lat' dir='ltr'>a</span> <span class='ocrx_word' id='word_1_111' title='bbox 862 2308 935 2383; x_wconf 92' lang='lat' dir='ltr'>quo</span> <span class='ocrx_word' id='word_1_112' title='bbox 964 2281 1097 2380; x_wconf 92' lang='lat' dir='ltr'>sculpta</span> <span class='ocrx_word' id='word_1_113' title='bbox 1119 2283 1168 2371; x_wconf 73' lang='lat' dir='ltr'>sit,</span> <span class='ocrx_word' id='word_1_114' title='bbox 1184 2284 1239 2356; x_wconf 88' lang='lat' dir='ltr'>vel</span> <span class='ocrx_word' id='word_1_115' title='bbox 1271 2282 1400 2357; x_wconf 92' lang='lat' dir='ltr'>ibidem</span> 
     </span>
     <span class='ocr_line' id='line_1_17' title="bbox 401 2395 1398 2495; baseline -0.001 -27"><span class='ocrx_word' id='word_1_116' title='bbox 401 2396 548 2495; x_wconf 81' lang='lat' dir='ltr'>reposita</span> <span class='ocrx_word' id='word_1_117' title='bbox 565 2412 600 2468; x_wconf 89' lang='lat' dir='ltr'>et</span> <span class='ocrx_word' id='word_1_118' title='bbox 617 2395 801 2468; x_wconf 89' lang='lat' dir='ltr'>occultata.</span> <span class='ocrx_word' id='word_1_119' title='bbox 854 2396 1023 2469; x_wconf 69' lang='lat' dir='ltr'>Perdusta</span> <span class='ocrx_word' id='word_1_120' title='bbox 1048 2420 1191 2495; x_wconf 91' lang='lat' dir='ltr'>quoque</span> <span class='ocrx_word' id='word_1_121' title='bbox 1217 2395 1264 2468; x_wconf 92' lang='lat' dir='ltr'>est</span> <span class='ocrx_word' id='word_1_122' title='bbox 1288 2395 1398 2468; x_wconf 89' lang='lat' dir='ltr'>celesti</span> 
     </span>
     <span class='ocr_line' id='line_1_18' title="bbox 402 2506 1400 2608; baseline 0.001 -28"><span class='ocrx_word' id='word_1_123' title='bbox 402 2508 570 2607; x_wconf 89' lang='lat' dir='ltr'>regimine</span> <span class='ocrx_word' id='word_1_124' title='bbox 597 2508 641 2581; x_wconf 86' lang='lat' dir='ltr'>ad</span> <span class='ocrx_word' id='word_1_125' title='bbox 669 2509 788 2580; x_wconf 88' lang='lat' dir='ltr'>locum</span> <span class='ocrx_word' id='word_1_126' title='bbox 815 2506 927 2606; x_wconf 89' lang='lat' dir='ltr'>sepius</span> <span class='ocrx_word' id='word_1_127' title='bbox 956 2508 1175 2581; x_wconf 89' lang='lat' dir='ltr'>nominatum</span> <span class='ocrx_word' id='word_1_128' title='bbox 1201 2564 1209 2581; x_wconf 91' lang='lat'>.</span> <span class='ocrx_word' id='word_1_129' title='bbox 1235 2534 1307 2608; x_wconf 92' lang='lat' dir='ltr'>quo</span> <span class='ocrx_word' id='word_1_130' title='bbox 1338 2508 1400 2581; x_wconf 93' lang='lat' dir='ltr'>hec</span> 
     </span>
     <span class='ocr_line' id='line_1_19' title="bbox 403 2618 1400 2719; baseline 0 -27"><span class='ocrx_word' id='word_1_131' title='bbox 403 2619 581 2719; x_wconf 83' lang='lat' dir='ltr'>contigisse</span> <span class='ocrx_word' id='word_1_132' title='bbox 602 2618 830 2717; x_wconf 87' lang='lat' dir='ltr'>perhibentur</span> <span class='ocrx_word' id='word_1_133' title='bbox 851 2620 963 2693; x_wconf 90' lang='lat' dir='ltr'>bobus</span> <span class='ocrx_word' id='word_1_134' title='bbox 992 2620 1158 2693; x_wconf 90' lang='lat' dir='ltr'>nimirum</span> <span class='ocrx_word' id='word_1_135' title='bbox 1182 2645 1318 2693; x_wconf 89' lang='lat' dir='ltr'>carrum</span> <span class='ocrx_word' id='word_1_136' title='bbox 1344 2621 1400 2694; x_wconf 91' lang='lat' dir='ltr'>cui</span> 
     </span>
     <span class='ocr_line' id='line_1_20' title="bbox 402 2730 1401 2831; baseline 0.002 -27"><span class='ocrx_word' id='word_1_137' title='bbox 402 2730 561 2831; x_wconf 80' lang='lat' dir='ltr'>imposita</span> <span class='ocrx_word' id='word_1_138' title='bbox 591 2730 661 2806; x_wconf 86' lang='lat' dir='ltr'>suit</span> <span class='ocrx_word' id='word_1_139' title='bbox 690 2732 735 2806; x_wconf 90' lang='lat' dir='ltr'>ad</span> <span class='ocrx_word' id='word_1_140' title='bbox 766 2730 1044 2807; x_wconf 89' lang='lat' dir='ltr'>transferendum</span> <span class='ocrx_word' id='word_1_141' title='bbox 1074 2759 1150 2806; x_wconf 89' lang='lat' dir='ltr'>eam</span> <span class='ocrx_word' id='word_1_142' title='bbox 1172 2759 1234 2831; x_wconf 91' lang='lat' dir='ltr'>per</span> <span class='ocrx_word' id='word_1_143' title='bbox 1259 2751 1401 2807; x_wconf 92' lang='lat' dir='ltr'>centum</span> 
     </span>
     <span class='ocr_line' id='line_1_21' title="bbox 401 2844 1402 2945; baseline 0.002 -28"><span class='ocrx_word' id='word_1_144' title='bbox 401 2844 529 2945; x_wconf 86' lang='lat' dir='ltr'>viginti</span> <span class='ocrx_word' id='word_1_145' title='bbox 556 2844 692 2918; x_wconf 90' lang='lat' dir='ltr'>circiter</span> <span class='ocrx_word' id='word_1_146' title='bbox 721 2845 884 2918; x_wconf 76' lang='lat' dir='ltr'>miliaria²</span> <span class='ocrx_word' id='word_1_147' title='bbox 905 2844 989 2918; x_wconf 89' lang='lat' dir='ltr'>illuc</span> <span class='ocrx_word' id='word_1_148' title='bbox 1019 2845 1145 2919; x_wconf 75' lang='lat' dir='ltr'>directe</span> <span class='ocrx_word' id='word_1_149' title='bbox 1175 2846 1402 2944; x_wconf 81' lang='lat' dir='ltr'>pergentibus</span> 
     </span>
     <span class='ocr_line' id='line_1_22' title="bbox 402 2957 1399 3056; baseline 0.002 -26"><span class='ocrx_word' id='word_1_150' title='bbox 402 2983 464 3031; x_wconf 89' lang='lat' dir='ltr'>nec</span> <span class='ocrx_word' id='word_1_151' title='bbox 490 2957 657 3031; x_wconf 81' lang='lat' dir='ltr'>aliorsum</span> <span class='ocrx_word' id='word_1_152' title='bbox 686 2985 706 3031; x_wconf 89' lang='lat' dir='ltr'>a</span> <span class='ocrx_word' id='word_1_153' title='bbox 735 2975 839 3056; x_wconf 89' lang='lat' dir='ltr'>cepto</span> <span class='ocrx_word' id='word_1_154' title='bbox 862 2957 986 3031; x_wconf 88' lang='lat' dir='ltr'>itinere</span> <span class='ocrx_word' id='word_1_155' title='bbox 1012 2958 1176 3031; x_wconf 86' lang='lat' dir='ltr'>declinari</span> <span class='ocrx_word' id='word_1_156' title='bbox 1201 2959 1399 3032; x_wconf 81' lang='lat' dir='ltr'>sinentibus.</span> 
     </span>
     <span class='ocr_line' id='line_1_23' title="bbox 403 3069 1400 3169; baseline 0.001 -25"><span class='ocrx_word' id='word_1_157' title='bbox 403 3069 456 3144; x_wconf 92' lang='lat' dir='ltr'>lbi</span> <span class='ocrx_word' id='word_1_158' title='bbox 474 3070 613 3143; x_wconf 87' lang='lat' dir='ltr'>laminis</span> <span class='ocrx_word' id='word_1_159' title='bbox 635 3071 807 3169; x_wconf 89' lang='lat' dir='ltr'>argenteis</span> <span class='ocrx_word' id='word_1_160' title='bbox 825 3070 943 3144; x_wconf 87' lang='lat' dir='ltr'>vestita</span> <span class='ocrx_word' id='word_1_161' title='bbox 962 3127 969 3145; x_wconf 92' lang='lat'><strong>.</strong></span> <span class='ocrx_word' id='word_1_162' title='bbox 989 3087 1024 3144; x_wconf 92' lang='lat' dir='ltr'>et</span> <span class='ocrx_word' id='word_1_163' title='bbox 1048 3071 1208 3169; x_wconf 88' lang='lat' dir='ltr'>patibulo</span> <span class='ocrx_word' id='word_1_164' title='bbox 1233 3072 1400 3145; x_wconf 89' lang='lat' dir='ltr'>eminenti</span> 
     </span>
     <span class='ocr_line' id='line_1_24' title="bbox 401 3182 1401 3257; baseline 0 -1"><span class='ocrx_word' id='word_1_165' title='bbox 401 3208 534 3256; x_wconf 87' lang='lat' dir='ltr'>annexa</span> <span class='ocrx_word' id='word_1_166' title='bbox 563 3209 625 3256; x_wconf 89' lang='lat' dir='ltr'>nec</span> <span class='ocrx_word' id='word_1_167' title='bbox 654 3182 753 3255; x_wconf 83' lang='lat' dir='ltr'>affixa</span> <span class='ocrx_word' id='word_1_168' title='bbox 782 3182 860 3256; x_wconf 87' lang='lat' dir='ltr'>fuit.</span> <span class='ocrx_word' id='word_1_169' title='bbox 914 3184 991 3256; x_wconf 89' lang='lat' dir='ltr'>Nec</span> <span class='ocrx_word' id='word_1_170' title='bbox 1021 3182 1115 3256; x_wconf 89' lang='lat' dir='ltr'>enim</span> <span class='ocrx_word' id='word_1_171' title='bbox 1144 3184 1199 3257; x_wconf 90' lang='lat' dir='ltr'>vel</span> <span class='ocrx_word' id='word_1_172' title='bbox 1221 3184 1401 3257; x_wconf 88' lang='lat' dir='ltr'>tantillum</span> 
     </span>
     <span class='ocr_line' id='line_1_25' title="bbox 400 3293 1401 3397; baseline 0 -27"><span class='ocrx_word' id='word_1_173' title='bbox 400 3295 537 3371; x_wconf 87' lang='lat' dir='ltr'>artificii</span> <span class='ocrx_word' id='word_1_174' title='bbox 555 3296 591 3368; x_wconf 91' lang='lat' dir='ltr'>in</span> <span class='ocrx_word' id='word_1_175' title='bbox 609 3293 674 3369; x_wconf 88' lang='lat' dir='ltr'>sese</span> <span class='ocrx_word' id='word_1_176' title='bbox 691 3295 826 3370; x_wconf 81' lang='lat' dir='ltr'>admisit</span> <span class='ocrx_word' id='word_1_177' title='bbox 843 3296 987 3373; x_wconf 89' lang='lat' dir='ltr'>humani</span> <span class='ocrx_word' id='word_1_178' title='bbox 1006 3353 1015 3370; x_wconf 84' lang='lat'><strong>.</strong></span> <span class='ocrx_word' id='word_1_179' title='bbox 1034 3314 1075 3370; x_wconf 86' lang='lat' dir='ltr'>ut</span> <span class='ocrx_word' id='word_1_180' title='bbox 1087 3295 1260 3371; x_wconf 85' lang='lat' dir='ltr'>foramina</span> <span class='ocrx_word' id='word_1_181' title='bbox 1272 3296 1401 3397; x_wconf 88' lang='lat' dir='ltr'>quibus</span> 
     </span>
     <span class='ocr_line' id='line_1_26' title="bbox 400 3409 1401 3485; baseline 0.002 -2"><span class='ocrx_word' id='word_1_182' title='bbox 400 3409 488 3484; x_wconf 85' lang='lat' dir='ltr'>clavi</span> <span class='ocrx_word' id='word_1_183' title='bbox 519 3409 563 3483; x_wconf 89' lang='lat' dir='ltr'>de</span> <span class='ocrx_word' id='word_1_184' title='bbox 590 3435 687 3482; x_wconf 92' lang='lat' dir='ltr'>more</span> <span class='ocrx_word' id='word_1_185' title='bbox 715 3409 833 3483; x_wconf 90' lang='lat' dir='ltr'>induci</span> <span class='ocrx_word' id='word_1_186' title='bbox 864 3409 1069 3484; x_wconf 84' lang='lat' dir='ltr'>valuissent:</span> <span class='ocrx_word' id='word_1_187' title='bbox 1097 3410 1133 3482; x_wconf 92' lang='lat' dir='ltr'>in</span> <span class='ocrx_word' id='word_1_188' title='bbox 1162 3437 1202 3484; x_wconf 89' lang='lat' dir='ltr'>ea</span> <span class='ocrx_word' id='word_1_189' title='bbox 1225 3412 1401 3485; x_wconf 85' lang='lat' dir='ltr'>ullatenus</span> 
     </span>
     <span class='ocr_line' id='line_1_27' title="bbox 400 3521 1401 3623; baseline 0 -27"><span class='ocrx_word' id='word_1_190' title='bbox 400 3523 508 3596; x_wconf 93' lang='lat' dir='ltr'>homo</span> <span class='ocrx_word' id='word_1_191' title='bbox 537 3521 645 3595; x_wconf 84' lang='lat' dir='ltr'>facere</span> <span class='ocrx_word' id='word_1_192' title='bbox 674 3522 846 3620; x_wconf 83' lang='lat' dir='ltr'>potuisset.</span> <span class='ocrx_word' id='word_1_193' title='bbox 899 3523 976 3595; x_wconf 89' lang='lat' dir='ltr'>Nec</span> <span class='ocrx_word' id='word_1_194' title='bbox 1005 3523 1099 3596; x_wconf 88' lang='lat' dir='ltr'>enim</span> <span class='ocrx_word' id='word_1_195' title='bbox 1130 3523 1220 3598; x_wconf 89' lang='lat' dir='ltr'>istud</span> <span class='ocrx_word' id='word_1_196' title='bbox 1248 3524 1401 3623; x_wconf 89' lang='lat' dir='ltr'>intemp-</span> 
     </span>
     <span class='ocr_line' id='line_1_28' title="bbox 399 3633 1399 3733; baseline 0.001 -25"><span class='ocrx_word' id='word_1_197' title='bbox 399 3633 530 3708; x_wconf 82' lang='lat' dir='ltr'>tatum⁸</span> <span class='ocrx_word' id='word_1_198' title='bbox 561 3633 627 3708; x_wconf 86' lang='lat' dir='ltr'>suit</span> <span class='ocrx_word' id='word_1_199' title='bbox 655 3691 663 3708; x_wconf 91' lang='lat'>.</span> <span class='ocrx_word' id='word_1_200' title='bbox 691 3635 825 3707; x_wconf 89' lang='lat' dir='ltr'>Verum</span> <span class='ocrx_word' id='word_1_201' title='bbox 853 3636 968 3733; x_wconf 87' lang='lat' dir='ltr'>palma</span> <span class='ocrx_word' id='word_1_202' title='bbox 997 3637 1138 3709; x_wconf 85' lang='lat' dir='ltr'>dextere</span> <span class='ocrx_word' id='word_1_203' title='bbox 1167 3636 1262 3710; x_wconf 84' lang='lat' dir='ltr'>illius</span> <span class='ocrx_word' id='word_1_204' title='bbox 1287 3635 1399 3709; x_wconf 86' lang='lat' dir='ltr'>ferreo</span> 
     </span>
     <span class='ocr_line' id='line_1_29' title="bbox 399 3747 1399 3848; baseline 0.001 -28"><span class='ocrx_word' id='word_1_205' title='bbox 399 3747 460 3821; x_wconf 87' lang='lat' dir='ltr'>vix</span> <span class='ocrx_word' id='word_1_206' title='bbox 506 3747 735 3820; x_wconf 79' lang='lat' dir='ltr'>inſtrumento</span> <span class='ocrx_word' id='word_1_207' title='bbox 776 3748 1036 3847; x_wconf 87' lang='lat' dir='ltr'>aliquantulum</span> <span class='ocrx_word' id='word_1_208' title='bbox 1078 3748 1255 3848; x_wconf 87' lang='lat' dir='ltr'>superficie</span> <span class='ocrx_word' id='word_1_209' title='bbox 1297 3767 1399 3824; x_wconf 87' lang='lat' dir='ltr'>tenus</span> 
     </span>
     <span class='ocr_line' id='line_1_30' title="bbox 399 3859 1398 3936; baseline 0.004 -4"><span class='ocrx_word' id='word_1_210' title='bbox 399 3859 569 3933; x_wconf 89' lang='lat' dir='ltr'>terebrata</span> <span class='ocrx_word' id='word_1_211' title='bbox 603 3859 792 3932; x_wconf 91' lang='lat' dir='ltr'>molliciem</span> <span class='ocrx_word' id='word_1_212' title='bbox 827 3860 978 3933; x_wconf 84' lang='lat' dir='ltr'>habuisse</span> <span class='ocrx_word' id='word_1_213' title='bbox 1012 3861 1154 3934; x_wconf 87' lang='lat' dir='ltr'>inventa</span> <span class='ocrx_word' id='word_1_214' title='bbox 1179 3861 1226 3934; x_wconf 86' lang='lat' dir='ltr'>est</span> <span class='ocrx_word' id='word_1_215' title='bbox 1261 3919 1269 3935; x_wconf 92' lang='lat'><strong>.</strong></span> <span class='ocrx_word' id='word_1_216' title='bbox 1305 3863 1398 3936; x_wconf 91' lang='lat' dir='ltr'>unde</span> 
     </span>
     <span class='ocr_line' id='line_1_31' title="bbox 399 3971 1399 4075; baseline 0.004 -31"><span class='ocrx_word' id='word_1_217' title='bbox 399 3971 509 4045; x_wconf 79' lang='lat' dir='ltr'>emisit</span> <span class='ocrx_word' id='word_1_218' title='bbox 543 3972 744 4072; x_wconf 91' lang='lat' dir='ltr'>sanguinem</span> <span class='ocrx_word' id='word_1_219' title='bbox 776 4030 785 4047; x_wconf 85' lang='lat'><strong>.</strong></span> <span class='ocrx_word' id='word_1_220' title='bbox 815 3972 872 4047; x_wconf 90' lang='lat' dir='ltr'>sed</span> <span class='ocrx_word' id='word_1_221' title='bbox 899 3973 1069 4047; x_wconf 88' lang='lat' dir='ltr'>duriciem</span> <span class='ocrx_word' id='word_1_222' title='bbox 1097 4000 1168 4047; x_wconf 92' lang='lat' dir='ltr'>non</span> <span class='ocrx_word' id='word_1_223' title='bbox 1199 3975 1307 4048; x_wconf 81' lang='lat' dir='ltr'>amisit</span> <span class='ocrx_word' id='word_1_224' title='bbox 1328 4003 1399 4075; x_wconf 89' lang='lat' dir='ltr'>qua</span> 
     </span>
    </p>
   </div>
   <div class='ocr_carea' id='block_1_3' title="bbox 439 4121 1266 4276">
    <p class='ocr_par' dir='ltr' id='par_1_4' title="bbox 439 4121 1266 4276">
     <span class='ocr_line' id='line_1_32' title="bbox 439 4121 1266 4198; baseline 0.002 -16"><span class='ocrx_word' id='word_1_225' title='bbox 439 4124 451 4163; x_wconf 86' lang='lat'>¹</span> <span class='ocrx_word' id='word_1_226' title='bbox 473 4123 559 4184; x_wconf 87' lang='lat' dir='ltr'>Deut.</span> <span class='ocrx_word' id='word_1_227' title='bbox 575 4125 661 4183; x_wconf 83' lang='lat' dir='ltr'>xxxii.</span> <span class='ocrx_word' id='word_1_228' title='bbox 681 4141 724 4198; x_wconf 84' lang='lat'>13.</span> <span class='ocrx_word' id='word_1_229' title='bbox 910 4121 922 4160; x_wconf 81' lang='lat'><strong>²</strong></span> <span class='ocrx_word' id='word_1_230' title='bbox 944 4125 1033 4185; x_wconf 80' lang='lat' dir='ltr'>HM.</span> <span class='ocrx_word' id='word_1_231' title='bbox 1044 4150 1053 4195; x_wconf 91' lang='lat'>;</span> <span class='ocrx_word' id='word_1_232' title='bbox 1075 4127 1212 4195; x_wconf 84' lang='lat' dir='ltr'>milliaria,</span> <span class='ocrx_word' id='word_1_233' title='bbox 1227 4126 1266 4185; x_wconf 92' lang='lat' dir='ltr'>G.</span> 
     </span>
     <span class='ocr_line' id='line_1_33' title="bbox 700 4204 1096 4276; baseline 0.01 -15"><span class='ocrx_word' id='word_1_234' title='bbox 700 4205 712 4242; x_wconf 79' lang='lat'><strong>⁸</strong></span> <span class='ocrx_word' id='word_1_235' title='bbox 733 4204 841 4274; x_wconf 84' lang='lat' dir='ltr'><strong>H.M.;</strong></span> <span class='ocrx_word' id='word_1_236' title='bbox 864 4207 1042 4276; x_wconf 84' lang='lat' dir='ltr'>intentatum,</span> <span class='ocrx_word' id='word_1_237' title='bbox 1057 4207 1096 4265; x_wconf 87' lang='lat' dir='ltr'>G.</span> 
     </span>
    </p>
   </div>
   <div class='ocr_carea' id='block_1_4' title="bbox 0 0 1974 5610">
    <p class='ocr_par' dir='ltr' id='par_1_5' title="bbox 0 0 1974 5610">
     <span class='ocr_line' id='line_1_34' title="bbox 0 0 1974 5610; baseline 0 3"><span class='ocrx_word' id='word_1_238' title='bbox 0 0 1974 5610; x_wconf 95' lang='lat' dir='ltr'> </span> 
     </span>
    </p>
   </div>
  </div>
 </body>
</html>
