3938 5610
502 436 555 540 48
771 435 876 515 ,Wta
906 432 1071 513 Haroldi
1095 432 1222 541 Regis.

503 646 649 719 fidenter
667 645 823 741 prolatus
836 645 879 716 ad
893 642 1047 739 apostolo
1065 659 1139 713 tuo.
1177 651 1198 680 “
1209 640 1342 713 Scimus
1350 640 1368 666 ”
1387 639 1505 737 inquit

504 757 700 857 “quoniam
713 755 958 854 diligentibusl
977 758 1113 826 Deum:
1137 753 1254 826 omnia
1271 772 1502 851 cooperantur

503 870 539 942 in
558 870 723 943 bonum.’'
758 868 986 940 Benedietum
1004 869 1042 939 sit
1057 893 1136 938 cum
1151 884 1248 964 patre
1266 884 1428 938 coeterno
1444 922 1451 937 .
1468 882 1503 937 et

503 983 633 1081 Spiritu
652 1007 760 1054 coevo
778 1007 905 1053 nomen
932 981 1040 1079 glorie
1064 997 1124 1052 tue
1146 978 1297 1051 sanctum
1316 1037 1324 1052 .
1343 978 1404 1077 qui
1424 1005 1505 1051 cum

503 1097 611 1168 iratus
628 1095 734 1167 fueris
758 1092 1023 1167 misericordiam
1042 1091 1124 1164 facis
1141 1111 1175 1164 et
1193 1109 1233 1163 ut
1252 1091 1362 1164 asserit
1381 1091 1507 1163 mulier

504 1208 634 1282 sanda:
670 1208 795 1281 omnia·
815 1224 953 1305 peccata
988 1206 1172 1277 hominum
1207 1205 1243 1276 in
1275 1204 1504 1277 tribulacione

502 1320 663 1395 dimittis.
699 1321 748 1392 Et
762 1319 905 1417 quidem
920 1319 1036 1391 omnia
1054 1318 1115 1389 hec
1128 1344 1208 1390 vera
1226 1318 1290 1390 else
1303 1335 1337 1389 et
1356 1317 1393 1389 in
1411 1319 1505 1389 hunc

504 1434 651 1508 modum
679 1433 887 1506 innumera.
907 1432 1113 1530 quepaffim
1141 1431 1305 1529 leguntur
1331 1430 1367 1502 in
1396 1430 1504 1502 literis

504 1547 603 1620 sacris
621 1546 665 1619 de
688 1563 723 1618 te
742 1544 841 1642 super
868 1545 935 1617 hiis
952 1544 1173 1642 que‘perficis
1200 1561 1234 1615 et
1258 1543 1398 1616 exhibes
1421 1543 1503 1616 dili-

504 1658 667 1759 gentibus
693 1675 732 1738 te
763 1657 798 1728 in
830 1683 902 1729 uno
927 1655 1181 1730 demonstrasti2
1205 1674 1269 1728 tuo
1287 1658 1353 1728 hoc
1375 1655 1503 1730 dilecto

504 1773 678 1846 dilebtore.
722 1772 840 1866 Quam
858 1771 998 1843 evidens
1017 1770 1116 1842 nobis
1132 1788 1377 1868 argumentum
1396 1797 1504 1868 quam

349 1893 365 1938 f·
378 1908 412 1942 ¹2·
425 1896 448 1942 12
504 1885 724 1983 prelucidum
750 1885 786 1955 in
810 1910 883 1956 uno
901 1883 1042 1956 homine
1071 1883 1134 1955 isto
1152 1882 1327 1955 suavitatis
1351 1883 1449 1956 simul
1467 1902 1503 1958 et

504 1996 724 2069 fortitudinis
758 2015 817 2069 tue
849 1994 1024 2094 speculum
1056 1996 1236 2069 condidisti
1267 1998 1302 2068 Ο
1337 1994 1503 2094 sapientia

504 2137 573 2209 que
600 2137 642 2182 ex
674 2135 732 2181 ore
762 2109 928 2182 Altiffimi
964 2109 1143 2207 prodidisti
1178 2110 1352 2208 attingens
1386 2136 1405 2182 a
1435 2111 1504 2182 fine

504 2222 669 2322 usquead
688 2223 792 2294 finem
811 2221 949 2294 sortiter
962 2240 997 2294 et
1010 2221 1194 2320 disponens
1212 2223 1328 2294 omnia
1346 2221 1503 2295 suaviter.

503 2337 564 2409 Ab
591 2335 658 2407 hiis
686 2334 841 2407 sontibus
867 2333 1043 2407 suavitatis
1069 2353 1103 2407 et
1127 2334 1340 2408 fortitudinis
1363 2334 1412 2406 illi
1431 2337 1505 2408 duo

504 2448 569 2522 rivi
588 2449 782 2547 procedunt
801 2448 909 2547 gratie
927 2464 961 2519 et
988 2447 1175 2521 severitatis
1192 2448 1249 2521 seu
1268 2448 1451 2521 clemencie
1469 2467 1504 2521 et

503 2560 727 2634 districcionis
744 2559 873 2658 quibus
896 2560 1049 2633 debriata
1076 2559 1268 2658 superficies
1294 2577 1383 2633 terre
1411 2559 1507 2633 sanc-

503 2693 622 2746 torum
640 2673 761 2746 eversis
777 2672 969 2746 zizanniis3
987 2671 1101 2746 sem‘en
1119 2675 1282 2772 producit
1296 2673 1331 2746 in
1350 2673 1505 2747 studium

503 2787 575 2860 vite
603 2804 730 2859 eterne.
783 2789 927 2882 Quante
957 2788 1050 2860 enim
1085 2786 1273 2860 serenitatis
1309 2789 1437 2886 pariter
1470 2808 1505 2862 et

504 2899 612 2998 gratie
630 2898 698 2970 fuit
711 2900 809 2997 quod
826 2899 909 2972 ficut
924 2900 1026 2972 multi
1041 2918 1166 2998 putant
1181 2918 1322 2998 propter
1339 2900 1507 2999 iniquita·
1617 2960 1625 2978 .

502 3030 574 3083 tem
604 3010 794 3109 corripuisti
821 3012 965 3110 quidem
994 3012 1050 3086 sed
1077 3012 1112 3084 in
1138 3031 1296 3086 eternum
1323 3040 1394 3085 non
1423 3040 1506 3111 pro-

498 3124 607 3224 jecisti
644 3123 824 3196 hominem
858 3124 961 3197 istum
997 3182 1004 3198 .
1043 3125 1230 3223 corripiens
1264 3143 1298 3198 et
1329 3126 1505 3226 corrigens
1617 3175 1619 3179 «

505 3236 769 3334 caucioremque
786 3235 845 3308 fibi
866 3293 873 3309 .
893 3236 956 3308 tibi
975 3239 1195 3311 devociorem
1213 3265 1256 3311 ex
1273 3237 1344 3336 ipsa
1361 3264 1505 3338 quoque

506 3348 690 3447 iniquitate
709 3347 874 3420 exhibens
891 3375 982 3422 eum.
1019 3351 1161 3445 Quanta
1180 3350 1344 3425 suavitate
1356 3370 1507 3451 quanta-

504 3488 574 3561 que
603 3460 808 3535 fortitudine
834 3460 914 3534 usus
942 3458 977 3535 es
1003 3463 1091 3535 circa
1120 3491 1201 3536 eum
1228 3481 1302 3537 tam
1324 3466 1438 3538 valide
1461 3467 1506 3539 de

505 3600 612 3646 manu
630 3573 754 3646 mortis
771 3574 919 3672 eripiens
936 3575 1035 3647 illum
1049 3576 1157 3648 vitam
1176 3577 1330 3675 corporis
1347 3577 1425 3677 ejus
1443 3605 1505 3651 nec

499 3686 625 3787 jaculis
638 3712 700 3758 nec
714 3685 839 3786 gladiis
851 3687 910 3759 fibi
926 3688 1130 3784 permittens
1140 3688 1266 3762 auferri
1282 3691 1408 3763 .vitam
1421 3716 1506 3764 vero

503 3799 617 3872 anime
638 3799 760 3872 etiam⁴
778 3818 919 3898 peccato
945 3819 985 3873 ut
1003 3801 1130 3875 dicitur
1148 3803 1298 3876 ablatam
1324 3804 1505 3877 restituens

502 3931 537 3986 et
555 3912 746 3987 reformans
763 3913 818 3986 ei?
871 3915 971 3987 Hinc
989 3933 1023 3988 et
1051 3915 1153 4014 ipsius
1180 3917 1346 4016 injusticia
1364 3919 1504 3992 inventa

542 4067 553 4106 ¹
579 4067 660 4125 Rom.
674 4069 730 4126 viii.
747 4071 793 4126 28.
1039 4068 1051 4106 ²
1074 4070 1113 4128 H.
1123 4095 1132 4140 3
1153 4070 1342 4140 demonstrati,
1358 4071 1397 4131 G.

543 4147 556 4186 ⁸
577 4148 638 4217 H.;
659 4149 778 4218 zizaniis,
794 4148 832 4206 G.
1039 4150 1051 4187 ⁴
1072 4150 1133 4220 H.;
1155 4166 1193 4219 et,
1208 4151 1247 4210 G.
