3938 5610
730 464 784 566 84
1014 460 1103 541 Vita
1135 459 1299 540 Haroldi
1324 458 1452 568 Regis.

725 666 864 743 modius
893 665 1077 740 videbatur
1111 666 1156 740 ad
1190 664 1256 736 hoc
1286 662 1508 739 destinanda¹
1538 690 1606 764 que
1641 663 1734 737 inter

725 780 845 854 milia²
862 796 1084 853 mortuorum
1102 777 1197 851 illius
1208 803 1314 877 quem
1333 777 1529 876 inquirebat
1540 803 1736 878 eoquoque

725 892 860 967 facilius
892 893 1090 966 decerneret
1125 916 1237 990 eoque
1279 889 1540 963 benivolencius
1573 896 1733 964 tractaret

725 1007 867 1080 exuvias
898 1062 906 1078 .
935 1031 1008 1104 quo
1042 1029 1124 1076 eum
1158 1001 1286 1076 arctius
1320 1019 1494 1075 amaverat
1513 1018 1563 1074 et
1598 1003 1735 1101 plenius

726 1135 870 1191 noverat
881 1116 1026 1216 utpote8
1045 1143 1151 1216 quam
1168 1115 1312 1188 thalami
1331 1115 1433 1213 ipsius
1446 1113 1581 1188 secretis
1593 1114 1735 1188 liberius

726 1231 916 1306 interfuisse
933 1230 1110 1305 constaret.
1164 1230 1225 1303 Ad
1243 1230 1360 1301 locum
1376 1252 1462 1300 vero
1479 1226 1568 1302 sedis
1591 1227 1734 1302 infauste

727 1374 808 1423 cum
842 1346 1041 1420 accederet:
1086 1341 1239 1440 percepit
1274 1368 1294 1414 a
1329 1341 1451 1414 multis
1490 1341 1528 1415 id
1568 1340 1735 1414 nimirum

721 1459 932 1563 jactabunde
976 1453 1277 1530 diffeminantibus
1322 1453 1593 1553 circumquaque
1638 1454 1736 1527 Nor-

727 1573 864 1649 mannis
880 1597 998 1670 regem
1015 1569 1218 1668 Anglorum
1236 1565 1468 1666 ignominiose
1485 1566 1618 1640 vittum
1634 1593 1735 1640 cruce

728 1684 919 1762 semifratto
937 1681 1038 1780 super
1054 1680 1177 1754 faciem
1191 1678 1304 1779 campi
1322 1704 1403 1751 cum
1420 1677 1609 1753 interfectis
1619 1679 1734 1781 jacere

728 1814 960 1900 peremptum.

777 1907 915 1983 Viderit
942 1909 1049 1979 lector
1065 1905 1153 2005 quid
1171 1903 1287 1977 verius
1315 1904 1450 2002 probet.
1502 1904 1577 1977 Alii
1603 1904 1734 1978 etenim

728 2020 865 2122 eosqui
884 2019 1086 2092 seminecem
1104 2015 1306 2089 sustulerant
1325 2041 1444 2115 regem
1463 2017 1734 2116 ,huncquoque

728 2159 905 2210 rumorem
939 2129 1083 2230 sparfisle
1116 2128 1355 2204 existimabant
1390 2129 1426 2202 in
1462 2130 1593 2228 populo
1628 2186 1637 2202 .
1673 2127 1735 2203 suo

686 2271 688 2274 ’
730 2247 857 2348 pariter
882 2262 917 2319 et
952 2243 1046 2316 illius
1082 2241 1239 2341 periculo
1274 2243 1311 2314 in
1345 2243 1412 2316 hoc
1447 2240 1693 2341 prospicientes
1725 2300 1733 2316 .

730 2359 857 2461 quibus
883 2355 1082 2429 indubitato
1116 2353 1207 2427 soret
1233 2352 1345 2427 exicio
1377 2412 1385 2427 .
1414 2355 1437 2426 s1
1467 2354 1569 2427 illum
1595 2353 1734 2429 vivere:

732 2471 837 2546 hostis
870 2468 1016 2543 audiret.
1070 2468 1166 2542 Inter
1195 2468 1258 2539 hec
1288 2466 1442 2540 mulieris
1475 2492 1628 2540 errorem
1662 2492 1735 2540 non

733 2583 959 2657 mirandum.
979 2607 1048 2681 que
1061 2578 1184 2653 desecti
1205 2637 1213 2652 .
1233 2579 1405 2652 cruentati
1425 2580 1525 2681 .jam
1539 2578 1733 2680 denigrati.

727 2697 804 2799 jam
838 2694 980 2770 fetentis
1015 2692 1181 2792 corporis
1215 2692 1361 2792 speciem
1396 2692 1512 2766 minus
1546 2693 1736 2768 discernere

733 2811 871 2884 valens:
900 2835 965 2907 pro
982 2806 1200 2881 estimacione
1217 2806 1354 2905 publica
1371 2824 1574 2880 truncatum
1591 2808 1737 2881 cadaver

734 2949 815 2997 cum
836 2922 933 2995 aliud
959 2947 1031 2994 non
1053 2919 1228 2993 inveniret
1258 2919 1357 3019 quod
1382 2917 1512 2991 cercius
1538 2918 1736 3018 agnosceret

735 3036 828 3136 regis
845 3033 1051 3134 proprium:
1077 3031 1197 3132 rapuit
1223 3049 1258 3104 et
1285 3030 1399 3105 secum
1424 3031 1546 3105 attulit
1571 3033 1735 3106 alienum.

736 3148 847 3244 Quod
864 3174 884 3220 a
902 3145 1075 3219 canonicis
1100 3163 1300 3218 reverenter
1323 3162 1531 3243 exceptum:
1557 3144 1738 3220 indiscussa

737 3260 785 3332 rei
803 3258 949 3332 veritate
967 3256 1105 3331 honeste
1132 3257 1168 3329 in
1194 3256 1330 3330 ecclefia
1346 3257 1465 3330 Sancte
1484 3257 1607 3332 Crucis
1623 3255 1740 3358 sepul-

736 3391 815 3445 ture
831 3371 879 3444 est
894 3370 1077 3445 traditum.

777 3509 788 3549 ¹
810 3509 920 3578 H.M.;
941 3508 1123 3578 destituenda,
1139 3507 1178 3567 G.
1277 3505 1290 3544 ¹
1310 3507 1418 3577 H.M.;
1439 3508 1534 3579 millia,
1550 3509 1589 3568 G.

1054 3587 1067 3625 ⁸
1088 3588 1199 3658 H.M.;
1222 3604 1318 3666 utque,
1334 3589 1372 3647 G.
