4050 5640
789 438 877 520 Vita
907 438 1070 519 Haroldi
1094 440 1222 548 Regis.
1455 470 1501 548 19

504 645 618 721 Hunc
644 647 754 748 igitur
784 647 973 747 imperator
1004 646 1249 721 adhibendam¹
1278 647 1505 721 strenuillrmo

501 760 626 861 juveni
646 761 835 835 medelam:
862 759 937 860 regi
963 759 1192 862 amantillimo
1221 759 1377 833 celeriter
1402 761 1507 835 desti-

508 872 615 947 navit.
668 873 742 971 Qui
768 877 812 949 ad
838 898 962 972 egrum
979 873 1147 947 dedustus
1163 872 1372 972 egritudinis
1395 893 1507 946 mate-

506 984 594 1058 riam
608 984 770 1087 sagaciter
782 986 929 1058 rimatus
941 1010 1060 1058 curam
1073 970 1232 1059 adhibuit
1242 1009 1350 1084 quam
1363 983 1481 1084 potuit
1497 1040 1506 1058 .

507 1096 574 1172 set²
600 1097 637 1171 in
664 1117 811 1173 ventum
840 1097 955 1172 omnis
985 1096 1077 1171 cedit
1104 1123 1227 1196 opera:
1264 1097 1325 1171 ubi
1355 1098 1508 1171 hominis
1616 1184 1618 1189 ,

507 1210 655 1285 artificio
671 1211 799 1285 celestis
816 1209 934 1310 opifex
951 1209 1098 1283 molitur
1115 1208 1264 1284 adversa.

558 1325 610 1398 Ea
619 1325 821 1424 tempestate
830 1323 965 1422 lapidea
975 1321 1128 1396 crucifixi
1139 1322 1231 1422 regis
1244 1322 1349 1395 nostri
1363 1322 1508 1423 ymago³

509 1465 581 1512 non
598 1437 721 1512 multis
737 1454 818 1510 ante
828 1436 952 1510 celitus
964 1436 1116 1509 revelata
1134 1452 1169 1508 et
1187 1452 1323 1534 reperta
1338 1436 1509 1535 tempori-

509 1552 575 1626 bus
593 1609 602 1625 .
620 1567 656 1623 et
679 1552 724 1625 ad
750 1546 950 1623 Waltham⁴
973 1567 1064 1622 nutu
1087 1548 1219 1646 perlata
1244 1546 1384 1622 divino:
1410 1548 1509 1621 miris

509 1665 546 1739 in
573 1666 652 1738 loco
668 1663 844 1737 virtutum
861 1659 1100 1735 choruscabat⁶
1127 1659 1241 1761 signis.
1284 1660 1507 1760 Perpendens

509 1778 628 1878 itaque
648 1775 813 1875 phisicus⁶
835 1792 959 1848 nature
981 1779 1156 1847 auetorem
1181 1772 1398 1847 naturalibus
1423 1774 1508 1848 artis

510 1891 568 1965 sue
585 1889 718 1963 viribus
741 1887 940 1962 contraire.
959 1911 1171 1986 omnemque
1193 1885 1368 1959 inferioris
1386 1905 1510 1961 nature

509 2004 684 2078 racionem
711 2059 719 2076 .
745 1999 955 2076 naturantisl
981 2017 1106 2073 nature
1131 1999 1325 2100 prejudicio
1347 1999 1510 2077 funditus

509 2115 696 2208 hebetari;
736 2113 909 2189 intellexit
951 2111 1113 2211 protinus
1148 2111 1328 2186 hominem
1367 2114 1510 2187 verbere

510 2227 698 2328 constringi
717 2226 859 2300 virtutis
875 2224 970 2299 illius
990 2226 1034 2299 de
1052 2224 1151 2324 cujus
1168 2250 1275 2298 manu
1294 2251 1365 2299 non
1383 2227 1509 2326 estqui

509 2344 611 2442 poffit
629 2367 760 2415 eruere.
808 2337 883 2436 Qui
910 2364 994 2412 mox
1014 2355 1056 2410 ut
1082 2337 1200 2411 virum
1223 2337 1341 2412 decuit
1368 2339 1507 2415 fidelem
1522 2371 1537 2420 r,
1549 2382 1571 2432 ς

510 2472 545 2528 et
559 2456 769 2553 prudentem
788 2508 797 2526 .
815 2451 872 2526 cui
890 2476 998 2524 manu
1015 2448 1195 2550 nequivit:
1214 2476 1274 2524 ore
1288 2476 1359 2524 non
1377 2450 1511 2526 distulit

510 2565 706 2640 remedium
723 2590 919 2663 procurare.
951 2563 1016 2636 Nil
1030 2561 1122 2635 enim
1141 2562 1250 2635 moris
1263 2564 1394 2637 habens
1413 2562 1513 2637 falla-

510 2678 605 2752 cium
622 2676 944 2775 mencienciumque
959 2674 1175 2748 medicorum
1193 2701 1296 2774 opem
1311 2675 1424 2749 voluit
1442 2702 1462 2750 a
1480 2676 1513 2750 se

510 2789 656 2890 separari
671 2846 679 2862 .
692 2815 799 2888 quam
811 2787 908 2862 sensit
915 2788 1011 2889 jam:
1039 2813 1099 2886 per
1112 2786 1145 2860 se
1156 2814 1228 2860 non
1239 2788 1333 2887 polle
1350 2788 1511 2864 conferri.

511 2903 588 2976 Nec
622 2898 723 2975 suum
748 2918 866 2975 tamen
894 2916 1058 3000 egrotum
1085 2898 1253 2998 reliquid⁸
1280 2899 1512 3000 desperatum,

511 3013 561 3088 set
587 3040 606 3087 a
631 3012 689 3112 spe
706 3039 794 3086 vana
817 3011 853 3086 in
877 3012 1022 3086 solidam
1047 3013 1141 3086 hunc
1165 3010 1259 3111 spem
1278 3011 1511 3088 transferens.

511 3126 549 3201 in
583 3153 625 3200 eo
655 3125 790 3225 sperare
823 3125 885 3225 qui
917 3123 1006 3198 salus
1039 3124 1088 3197 est
1117 3181 1126 3198 .
1155 3123 1369 3224 sperancium
1408 3125 1444 3199 in
1480 3124 1514 3198 se

511 3240 661 3316 fideliter
679 3237 852 3314 suadebat.
903 3242 940 3312 A
967 3264 1040 3338 quo
1061 3255 1102 3311 ut
1130 3238 1227 3312 ocius
1250 3253 1371 3337 optate
1395 3237 1514 3312 salutis

511 3351 639 3454 gaudia
669 3351 844 3451 percipere
870 3368 1081 3426 mereretur:
1108 3350 1218 3423 crucis
1245 3348 1420 3424 salutifere
1449 3351 1515 3425 ob·

550 3488 563 3529 ¹
584 3487 691 3558 H.M.;
713 3487 748 3546 cd
763 3487 961 3559 adhibendam,
977 3488 1016 3547 G.

550 3567 564 3607 ²
584 3569 693 3638 H.M.;
715 3567 772 3638 sed,
787 3569 840 3638 G.;
864 3568 920 3627 and
934 3568 963 3626 so
976 3570 1076 3647 always
1090 3569 1272 3644 throughout.

550 3648 564 3688 ⁸
585 3647 692 3719 H.M.;
712 3649 814 3725 imago,
829 3649 868 3707 G.

550 3729 563 3768 ⁴
583 3730 683 3788 There
703 3749 749 3788 are
769 3729 872 3788 several
893 3729 1054 3806 interesting
1067 3731 1149 3788 traeb
1162 3730 1281 3805 relating
1295 3744 1324 3788 to
1339 3730 1387 3787 the
1401 3729 1473 3788 cross
1487 3745 1515 3788 at

510 3808 656 3870 waltham
673 3810 702 3869 in
721 3810 770 3868 the
792 3810 867 3868 same
881 3809 989 3887 Harlcy
1005 3811 1071 3869 MS.
1086 3811 1159 3869 from
1173 3811 1267 3868 which
1287 3811 1341 3868 this
1355 3825 1415 3869 text
1429 3811 1451 3868 is
1465 3811 1515 3869 de·

509 3890 599 3948 rived.
641 3890 696 3948 For
709 3911 725 3949 ι
739 3890 845 3962 mould,
859 3890 934 3949 from
948 3891 1042 3949 which
1063 3889 1164 3948 lesden
1187 3889 1290 3966 badges
1311 3891 1346 3949 of
1364 3892 1413 3949 the
1436 3891 1516 3968 Holy

512 3970 595 4030 cros·
608 3990 682 4029 were
697 3972 760 4041 cast,
775 3970 820 4030 see
843 3970 967 4049 Journal
981 3974 1016 4050 os
1027 3969 1073 4029 tbe
1088 3969 1195 4048 Britr'sb
1210 3969 1422 4048 Arcbaeological
1439 3970 1515 4046 Affl-

512 4054 616 4121 ciation,
630 4052 685 4110 vol.
700 4051 777 4110 xxix.
791 4069 847 4129 421
855 4075 865 4121 ς
886 4053 924 4110 cf.
938 4071 1006 4111 xxx.
1023 4067 1070 4128 52.

552 4131 565 4171 ὅ
585 4131 694 4202 H.M.;
715 4131 883 4204 coruscabat,
899 4132 937 4190 G.
1139 4131 1153 4171 ⁶
1173 4132 1281 4202 H.M.;
1301 4131 1438 4210 physicus,
1448 4133 1487 4191 G.

551 4211 564 4251 7
586 4213 676 4272 H.M.
686 4237 696 4283 ς
717 4214 878 4282 naturantis,
893 4212 1021 4284 omitted,
1038 4213 1077 4272 G.
1139 4211 1152 4252 ⁸
1173 4212 1262 4271 HM.
1272 4238 1281 4282 ;
1301 4214 1424 4292 reliquit,
1439 4213 1478 4272 G.
