<?xml version="1.0" encoding="UTF-8"?>
<!DOCTYPE html PUBLIC "-//W3C//DTD XHTML 1.0 Transitional//EN"
    "http://www.w3.org/TR/xhtml1/DTD/xhtml1-transitional.dtd">
<html xmlns="http://www.w3.org/1999/xhtml" xml:lang="en" lang="en">
 <head>
  <title>
</title>
<meta http-equiv="Content-Type" content="text/html;charset=utf-8" />
  <meta name='ocr-system' content='tesseract 3.04.00' />
  <meta name='ocr-capabilities' content='ocr_page ocr_carea ocr_par ocr_line ocrx_word'/>
</head>
<body>
  <div class='ocr_page' id='page_1' title='image "./vitaharoldiroma01musegoog_0037.png"; bbox 0 0 3938 5610; ppageno 0'>
   <div class='ocr_carea' id='block_1_1' title="bbox 469 392 1179 501">
    <p class='ocr_par' dir='ltr' id='par_1_1' title="bbox 469 392 1179 501">
     <span class='ocr_line' id='line_1_1' title="bbox 469 392 1179 501; baseline 0.001 -27"><span class='ocrx_word' id='word_1_1' title='bbox 469 421 518 497; x_wconf 89' lang='lat'>14</span> <span class='ocrx_word' id='word_1_2' title='bbox 746 395 835 474; x_wconf 84' lang='lat' dir='ltr'>Vita</span> <span class='ocrx_word' id='word_1_3' title='bbox 864 392 1028 473; x_wconf 81' lang='lat' dir='ltr'>Horoldi</span> <span class='ocrx_word' id='word_1_4' title='bbox 1053 392 1179 501; x_wconf 83' lang='lat' dir='ltr'>Regis.</span> 
     </span>
    </p>
   </div>
   <div class='ocr_carea' id='block_1_2' title="bbox 462 604 1468 931">
    <p class='ocr_par' dir='ltr' id='par_1_2' title="bbox 462 604 1468 931">
     <span class='ocr_line' id='line_1_2' title="bbox 464 604 1468 705; baseline -0.001 -26"><span class='ocrx_word' id='word_1_5' title='bbox 464 605 567 705; x_wconf 91' lang='lat' dir='ltr'>ipsrus</span> <span class='ocrx_word' id='word_1_6' title='bbox 592 604 787 704; x_wconf 85' lang='lat' dir='ltr'>genitorem</span> <span class='ocrx_word' id='word_1_7' title='bbox 807 607 862 678; x_wconf 93' lang='lat' dir='ltr'>vel</span> <span class='ocrx_word' id='word_1_8' title='bbox 890 623 1086 678; x_wconf 91' lang='lat' dir='ltr'>ceterorum</span> <span class='ocrx_word' id='word_1_9' title='bbox 1105 604 1276 704; x_wconf 90' lang='lat' dir='ltr'>quosdam</span> <span class='ocrx_word' id='word_1_10' title='bbox 1300 607 1344 679; x_wconf 94' lang='lat' dir='ltr'>de</span> <span class='ocrx_word' id='word_1_11' title='bbox 1370 604 1468 678; x_wconf 88' lang='lat' dir='ltr'>illius</span> 
     </span>
     <span class='ocr_line' id='line_1_3' title="bbox 462 717 1468 819; baseline -0.002 -27"><span class='ocrx_word' id='word_1_12' title='bbox 462 745 589 819; x_wconf 85' lang='lat' dir='ltr'>genere</span> <span class='ocrx_word' id='word_1_13' title='bbox 602 776 610 791; x_wconf 89' lang='grc'><strong>.</strong></span> <span class='ocrx_word' id='word_1_14' title='bbox 623 717 715 791; x_wconf 88' lang='lat' dir='ltr'>tum1</span> <span class='ocrx_word' id='word_1_15' title='bbox 729 718 941 816; x_wconf 81' lang='lat' dir='ltr'>prodicionis</span> <span class='ocrx_word' id='word_1_16' title='bbox 953 718 1046 792; x_wconf 89' lang='lat' dir='ltr'>tum¹</span> <span class='ocrx_word' id='word_1_17' title='bbox 1061 736 1096 791; x_wconf 92' lang='lat' dir='ltr'>et</span> <span class='ocrx_word' id='word_1_18' title='bbox 1114 718 1264 791; x_wconf 91' lang='lat' dir='ltr'>aliorum</span> <span class='ocrx_word' id='word_1_19' title='bbox 1283 736 1366 791; x_wconf 90' lang='lat' dir='ltr'>nota</span> <span class='ocrx_word' id='word_1_20' title='bbox 1383 717 1468 791; x_wconf 86' lang='lat' dir='ltr'>saci-</span> 
     </span>
     <span class='ocr_line' id='line_1_4' title="bbox 464 830 1110 931; baseline 0.003 -27"><span class='ocrx_word' id='word_1_21' title='bbox 464 858 592 905; x_wconf 87' lang='lat' dir='ltr'><strong>norum</strong></span> <span class='ocrx_word' id='word_1_22' title='bbox 610 831 814 905; x_wconf 75' lang='lat' dir='ltr'>infamatos²</span> <span class='ocrx_word' id='word_1_23' title='bbox 830 831 983 931; x_wconf 88' lang='lat' dir='ltr'>graviter</span> <span class='ocrx_word' id='word_1_24' title='bbox 1001 830 1110 906; x_wconf 88' lang='lat' dir='ltr'>fuisse.</span> 
     </span>
    </p>
   </div>
   <div class='ocr_carea' id='block_1_3' title="bbox 432 947 1473 3753">
    <p class='ocr_par' dir='ltr' id='par_1_3' title="bbox 432 947 1473 3753">
     <span class='ocr_line' id='line_1_5' title="bbox 514 947 1469 1024; baseline -0.001 -2"><span class='ocrx_word' id='word_1_25' title='bbox 514 949 617 1022; x_wconf 76' lang='lat' dir='ltr'>Hiis³</span> <span class='ocrx_word' id='word_1_26' title='bbox 634 976 719 1022; x_wconf 90' lang='lat' dir='ltr'>vero</span> <span class='ocrx_word' id='word_1_27' title='bbox 736 949 836 1022; x_wconf 92' lang='lat' dir='ltr'>malis</span> <span class='ocrx_word' id='word_1_28' title='bbox 854 1006 862 1022; x_wconf 90' lang='lat'><strong>.</strong></span> <span class='ocrx_word' id='word_1_29' title='bbox 879 951 1072 1023; x_wconf 73' lang='lat' dir='ltr'>necessitate</span> <span class='ocrx_word' id='word_1_30' title='bbox 1089 949 1233 1024; x_wconf 90' lang='lat' dir='ltr'>cavendi</span> <span class='ocrx_word' id='word_1_31' title='bbox 1251 947 1469 1021; x_wconf 87' lang='lat' dir='ltr'>imminentis</span> 
     </span>
     <span class='ocr_line' id='line_1_6' title="bbox 464 1061 1470 1161; baseline -0.001 -25"><span class='ocrx_word' id='word_1_32' title='bbox 464 1061 584 1136; x_wconf 86' lang='lat' dir='ltr'>exicii:</span> <span class='ocrx_word' id='word_1_33' title='bbox 615 1062 813 1137; x_wconf 87' lang='lat' dir='ltr'>Godwinus</span> <span class='ocrx_word' id='word_1_34' title='bbox 830 1061 863 1135; x_wconf 90' lang='lat' dir='ltr'>se</span> <span class='ocrx_word' id='word_1_35' title='bbox 875 1062 992 1161; x_wconf 90' lang='lat' dir='ltr'>primo</span> <span class='ocrx_word' id='word_1_36' title='bbox 1009 1061 1196 1137; x_wconf 87' lang='lat' dir='ltr'>immiscuit</span> <span class='ocrx_word' id='word_1_37' title='bbox 1220 1061 1349 1136; x_wconf 89' lang='lat' dir='ltr'>deinde</span> <span class='ocrx_word' id='word_1_38' title='bbox 1375 1064 1470 1137; x_wconf 91' lang='lat' dir='ltr'>ulte-</span> 
     </span>
     <span class='ocr_line' id='line_1_7' title="bbox 464 1174 1468 1277; baseline -0.001 -27"><span class='ocrx_word' id='word_1_39' title='bbox 464 1176 537 1250; x_wconf 88' lang='lat' dir='ltr'>rius</span> <span class='ocrx_word' id='word_1_40' title='bbox 564 1194 742 1277; x_wconf 86' lang='lat' dir='ltr'>evagatur.</span> <span class='ocrx_word' id='word_1_41' title='bbox 795 1177 946 1250; x_wconf 92' lang='lat' dir='ltr'>Tuende</span> <span class='ocrx_word' id='word_1_42' title='bbox 975 1174 1143 1273; x_wconf 88' lang='lat' dir='ltr'>liquidem</span> <span class='ocrx_word' id='word_1_43' title='bbox 1173 1174 1292 1248; x_wconf 81' lang='lat' dir='ltr'>salutis</span> <span class='ocrx_word' id='word_1_44' title='bbox 1318 1174 1468 1249; x_wconf 93' lang='lat' dir='ltr'>obtentu</span> 
     </span>
     <span class='ocr_line' id='line_1_8' title="bbox 464 1285 1467 1386; baseline -0.001 -23"><span class='ocrx_word' id='word_1_45' title='bbox 464 1290 588 1363; x_wconf 91' lang='lat' dir='ltr'>dolum</span> <span class='ocrx_word' id='word_1_46' title='bbox 612 1287 800 1386; x_wconf 68' lang='lat' dir='ltr'>temptare4</span> <span class='ocrx_word' id='word_1_47' title='bbox 823 1286 1049 1386; x_wconf 87' lang='lat' dir='ltr'>compulsus.</span> <span class='ocrx_word' id='word_1_48' title='bbox 1068 1288 1155 1361; x_wconf 90' lang='lat' dir='ltr'>dum</span> <span class='ocrx_word' id='word_1_49' title='bbox 1179 1285 1281 1361; x_wconf 91' lang='lat' dir='ltr'>semel</span> <span class='ocrx_word' id='word_1_50' title='bbox 1306 1287 1398 1362; x_wconf 84' lang='lat' dir='ltr'>cedit</span> <span class='ocrx_word' id='word_1_51' title='bbox 1423 1289 1467 1362; x_wconf 85' lang='lat' dir='ltr'>ad</span> 
     </span>
     <span class='ocr_line' id='line_1_9' title="bbox 466 1398 1469 1498; baseline 0 -25"><span class='ocrx_word' id='word_1_52' title='bbox 466 1421 611 1477; x_wconf 87' lang='lat' dir='ltr'>votum:</span> <span class='ocrx_word' id='word_1_53' title='bbox 638 1399 820 1475; x_wconf 87' lang='lat' dir='ltr'>fraudibus</span> <span class='ocrx_word' id='word_1_54' title='bbox 837 1400 873 1473; x_wconf 95' lang='lat' dir='ltr'>in</span> <span class='ocrx_word' id='word_1_55' title='bbox 891 1399 1067 1498; x_wconf 86' lang='lat' dir='ltr'>posterum</span> <span class='ocrx_word' id='word_1_56' title='bbox 1085 1400 1274 1474; x_wconf 91' lang='lat' dir='ltr'>minuende</span> <span class='ocrx_word' id='word_1_57' title='bbox 1292 1398 1469 1473; x_wconf 87' lang='lat' dir='ltr'>felicitatis</span> 
     </span>
     <span class='ocr_line' id='line_1_10' title="bbox 466 1511 1469 1612; baseline -0.002 -24"><span class='ocrx_word' id='word_1_58' title='bbox 466 1514 600 1588; x_wconf 91' lang='lat' dir='ltr'>intuitu</span> <span class='ocrx_word' id='word_1_59' title='bbox 628 1513 790 1587; x_wconf 89' lang='lat' dir='ltr'>licencius</span> <span class='ocrx_word' id='word_1_60' title='bbox 820 1513 1006 1586; x_wconf 87' lang='lat' dir='ltr'>nitebatur.</span> <span class='ocrx_word' id='word_1_61' title='bbox 1065 1516 1163 1586; x_wconf 89' lang='lat' dir='ltr'>Dum</span> <span class='ocrx_word' id='word_1_62' title='bbox 1193 1512 1286 1586; x_wconf 90' lang='lat' dir='ltr'>enim</span> <span class='ocrx_word' id='word_1_63' title='bbox 1313 1511 1469 1612; x_wconf 84' lang='lat' dir='ltr'>prefatus</span> 
     </span>
     <span class='ocr_line' id='line_1_11' title="bbox 468 1624 1467 1726; baseline 0 -25"><span class='ocrx_word' id='word_1_64' title='bbox 468 1655 529 1701; x_wconf 85' lang='lat' dir='ltr'>rex</span> <span class='ocrx_word' id='word_1_65' title='bbox 545 1628 654 1701; x_wconf 90' lang='lat' dir='ltr'>Dacie</span> <span class='ocrx_word' id='word_1_66' title='bbox 671 1627 831 1701; x_wconf 92' lang='lat' dir='ltr'>diadema</span> <span class='ocrx_word' id='word_1_67' title='bbox 849 1625 982 1725; x_wconf 89' lang='lat' dir='ltr'>Anglie</span> <span class='ocrx_word' id='word_1_68' title='bbox 1007 1624 1214 1724; x_wconf 74' lang='lat' dir='ltr'>usurpasset:</span> <span class='ocrx_word' id='word_1_69' title='bbox 1241 1644 1467 1726; x_wconf 86' lang='lat' dir='ltr'>cerneretque</span> 
     </span>
     <span class='ocr_line' id='line_1_12' title="bbox 468 1737 1469 1814; baseline -0.002 0"><span class='ocrx_word' id='word_1_70' title='bbox 468 1741 684 1814; x_wconf 90' lang='lat' dir='ltr'>Godwinum</span> <span class='ocrx_word' id='word_1_71' title='bbox 709 1738 901 1812; x_wconf 84' lang='lat' dir='ltr'>incredibili</span> <span class='ocrx_word' id='word_1_72' title='bbox 926 1737 1054 1812; x_wconf 89' lang='lat' dir='ltr'>astucia</span> <span class='ocrx_word' id='word_1_73' title='bbox 1079 1765 1141 1811; x_wconf 91' lang='lat' dir='ltr'>nec</span> <span class='ocrx_word' id='word_1_74' title='bbox 1171 1738 1299 1811; x_wconf 90' lang='lat' dir='ltr'>minori</span> <span class='ocrx_word' id='word_1_75' title='bbox 1328 1738 1469 1813; x_wconf 88' lang='lat' dir='ltr'>audacia</span> 
     </span>
     <span class='ocr_line' id='line_1_13' title="bbox 468 1849 1469 1953; baseline -0.005 -24"><span class='ocrx_word' id='word_1_76' title='bbox 468 1853 645 1953; x_wconf 91' lang='lat' dir='ltr'>preditum</span> <span class='ocrx_word' id='word_1_77' title='bbox 674 1850 791 1925; x_wconf 82' lang='lat' dir='ltr'>sensim</span> <span class='ocrx_word' id='word_1_78' title='bbox 817 1853 861 1926; x_wconf 88' lang='lat' dir='ltr'>ad</span> <span class='ocrx_word' id='word_1_79' title='bbox 900 1849 1060 1925; x_wconf 91' lang='lat' dir='ltr'>sublimia</span> <span class='ocrx_word' id='word_1_80' title='bbox 1084 1850 1310 1925; x_wconf 88' lang='lat' dir='ltr'>conscendere</span> <span class='ocrx_word' id='word_1_81' title='bbox 1344 1850 1469 1924; x_wconf 90' lang='lat' dir='ltr'>timere</span> 
     </span>
     <span class='ocr_line' id='line_1_14' title="bbox 468 1962 1470 2064; baseline 0 -27"><span class='ocrx_word' id='word_1_82' title='bbox 468 1965 559 2064; x_wconf 88' lang='lat' dir='ltr'>cepit</span> <span class='ocrx_word' id='word_1_83' title='bbox 588 1966 696 2037; x_wconf 92' lang='lat' dir='ltr'>homo</span> <span class='ocrx_word' id='word_1_84' title='bbox 725 1965 878 2037; x_wconf 90' lang='lat' dir='ltr'>advena.</span> <span class='ocrx_word' id='word_1_85' title='bbox 898 1963 1060 2063; x_wconf 86' lang='lat' dir='ltr'>indigene</span> <span class='ocrx_word' id='word_1_86' title='bbox 1088 1962 1313 2038; x_wconf 86' lang='lat' dir='ltr'>adolescentis</span> <span class='ocrx_word' id='word_1_87' title='bbox 1336 1962 1470 2037; x_wconf 89' lang='lat' dir='ltr'>viribus</span> 
     </span>
     <span class='ocr_line' id='line_1_15' title="bbox 467 2075 1469 2175; baseline 0 -27"><span class='ocrx_word' id='word_1_88' title='bbox 467 2077 565 2149; x_wconf 91' lang='lat' dir='ltr'>srmul</span> <span class='ocrx_word' id='word_1_89' title='bbox 586 2093 753 2148; x_wconf 91' lang='lat' dir='ltr'>armatam</span> <span class='ocrx_word' id='word_1_90' title='bbox 781 2093 816 2148; x_wconf 92' lang='lat' dir='ltr'>et</span> <span class='ocrx_word' id='word_1_91' title='bbox 843 2075 916 2148; x_wconf 91' lang='lat' dir='ltr'>allu</span> <span class='ocrx_word' id='word_1_92' title='bbox 944 2076 1205 2149; x_wconf 83' lang='lat' dir='ltr'>animofitatem.</span> <span class='ocrx_word' id='word_1_93' title='bbox 1259 2076 1371 2175; x_wconf 81' lang='lat' dir='ltr'>Cujus</span> <span class='ocrx_word' id='word_1_94' title='bbox 1387 2075 1469 2148; x_wconf 91' lang='lat' dir='ltr'>licet</span> 
     </span>
     <span class='ocr_line' id='line_1_16' title="bbox 469 2187 1469 2288; baseline 0 -27"><span class='ocrx_word' id='word_1_95' title='bbox 469 2189 527 2261; x_wconf 88' lang='lat' dir='ltr'>fibi</span> <span class='ocrx_word' id='word_1_96' title='bbox 560 2188 837 2288; x_wconf 79' lang='lat' dir='ltr'>pernecessariam</span> <span class='ocrx_word' id='word_1_97' title='bbox 869 2189 904 2260; x_wconf 93' lang='lat' dir='ltr'>in</span> <span class='ocrx_word' id='word_1_98' title='bbox 936 2187 1058 2262; x_wconf 89' lang='lat' dir='ltr'>multis</span> <span class='ocrx_word' id='word_1_99' title='bbox 1088 2207 1266 2287; x_wconf 86' lang='lat' dir='ltr'>expertam</span> <span class='ocrx_word' id='word_1_100' title='bbox 1301 2188 1469 2261; x_wconf 88' lang='lat' dir='ltr'>habuisset</span> 
     </span>
     <span class='ocr_line' id='line_1_17' title="bbox 468 2301 1470 2401; baseline 0 -27"><span class='ocrx_word' id='word_1_101' title='bbox 468 2301 690 2376; x_wconf 87' lang='lat' dir='ltr'>industriam:</span> <span class='ocrx_word' id='word_1_102' title='bbox 716 2301 886 2400; x_wconf 90' lang='lat' dir='ltr'>quiddam</span> <span class='ocrx_word' id='word_1_103' title='bbox 904 2321 1021 2375; x_wconf 88' lang='lat' dir='ltr'>tamen</span> <span class='ocrx_word' id='word_1_104' title='bbox 1035 2305 1079 2377; x_wconf 91' lang='lat' dir='ltr'>de</span> <span class='ocrx_word' id='word_1_105' title='bbox 1092 2301 1215 2401; x_wconf 90' lang='lat' dir='ltr'>spiritu</span> <span class='ocrx_word' id='word_1_106' title='bbox 1228 2301 1339 2375; x_wconf 87' lang='lat' dir='ltr'>Saulis</span> <span class='ocrx_word' id='word_1_107' title='bbox 1352 2321 1470 2375; x_wconf 91' lang='lat' dir='ltr'>mente</span> 
     </span>
     <span class='ocr_line' id='line_1_18' title="bbox 432 2414 1471 2514; baseline 0 -27"><span class='ocrx_word' id='word_1_108' title='bbox 432 2436 435 2442; x_wconf 90' lang='grc'><strong>’</strong></span> <span class='ocrx_word' id='word_1_109' title='bbox 469 2415 666 2514; x_wconf 89' lang='lat' dir='ltr'>concipiens</span> <span class='ocrx_word' id='word_1_110' title='bbox 711 2432 908 2513; x_wconf 90' lang='lat' dir='ltr'>ereptorem</span> <span class='ocrx_word' id='word_1_111' title='bbox 956 2414 1055 2487; x_wconf 92' lang='lat' dir='ltr'>suum</span> <span class='ocrx_word' id='word_1_112' title='bbox 1100 2432 1471 2514; x_wconf 90' lang='lat' dir='ltr'>propugnatoremque</span> 
     </span>
     <span class='ocr_line' id='line_1_19' title="bbox 469 2526 1470 2627; baseline -0.002 -27"><span class='ocrx_word' id='word_1_113' title='bbox 469 2527 734 2601; x_wconf 80' lang='lat' dir='ltr'>strenuissimum</span> <span class='ocrx_word' id='word_1_114' title='bbox 747 2527 832 2600; x_wconf 96' lang='lat' dir='ltr'>dolo</span> <span class='ocrx_word' id='word_1_115' title='bbox 850 2529 991 2625; x_wconf 91' lang='lat' dir='ltr'>perdere</span> <span class='ocrx_word' id='word_1_116' title='bbox 1015 2526 1183 2627; x_wconf 89' lang='lat' dir='ltr'>cogitavit</span> <span class='ocrx_word' id='word_1_117' title='bbox 1203 2583 1211 2598; x_wconf 90' lang='lat'><strong>.</strong></span> <span class='ocrx_word' id='word_1_118' title='bbox 1230 2551 1336 2624; x_wconf 92' lang='lat' dir='ltr'>quem</span> <span class='ocrx_word' id='word_1_119' title='bbox 1355 2527 1470 2624; x_wconf 86' lang='lat' dir='ltr'>palam</span> 
     </span>
     <span class='ocr_line' id='line_1_20' title="bbox 469 2637 1470 2739; baseline -0.002 -27"><span class='ocrx_word' id='word_1_120' title='bbox 469 2640 666 2739; x_wconf 89' lang='lat' dir='ltr'>opprimere</span> <span class='ocrx_word' id='word_1_121' title='bbox 684 2639 743 2711; x_wconf 82' lang='lat' dir='ltr'>nisi</span> <span class='ocrx_word' id='word_1_122' title='bbox 770 2665 830 2738; x_wconf 93' lang='lat' dir='ltr'>per</span> <span class='ocrx_word' id='word_1_123' title='bbox 853 2637 1057 2712; x_wconf 90' lang='lat' dir='ltr'>invidiosam</span> <span class='ocrx_word' id='word_1_124' title='bbox 1084 2638 1256 2711; x_wconf 81' lang='lat' dir='ltr'>maliciam</span> <span class='ocrx_word' id='word_1_125' title='bbox 1280 2637 1379 2711; x_wconf 89' lang='lat' dir='ltr'>facile</span> <span class='ocrx_word' id='word_1_126' title='bbox 1397 2665 1470 2711; x_wconf 92' lang='lat' dir='ltr'>non</span> 
     </span>
     <span class='ocr_line' id='line_1_21' title="bbox 469 2750 1471 2852; baseline -0.001 -27"><span class='ocrx_word' id='word_1_127' title='bbox 469 2752 549 2826; x_wconf 85' lang='lat' dir='ltr'>fuit.</span> <span class='ocrx_word' id='word_1_128' title='bbox 603 2751 815 2852; x_wconf 87' lang='lat' dir='ltr'>Excogitato</span> <span class='ocrx_word' id='word_1_129' title='bbox 845 2751 954 2851; x_wconf 89' lang='lat' dir='ltr'>igitur</span> <span class='ocrx_word' id='word_1_130' title='bbox 984 2752 1125 2825; x_wconf 80' lang='lat' dir='ltr'>consilio</span> <span class='ocrx_word' id='word_1_131' title='bbox 1142 2750 1358 2825; x_wconf 87' lang='lat' dir='ltr'>Godwinum</span> <span class='ocrx_word' id='word_1_132' title='bbox 1376 2751 1471 2850; x_wconf 82' lang='lat' dir='ltr'>quast</span> 
     </span>
     <span class='ocr_line' id='line_1_22' title="bbox 468 2862 1470 2965; baseline -0.001 -27"><span class='ocrx_word' id='word_1_133' title='bbox 468 2892 534 2965; x_wconf 90' lang='lat' dir='ltr'>pro</span> <span class='ocrx_word' id='word_1_134' title='bbox 573 2865 690 2939; x_wconf 87' lang='lat' dir='ltr'>arduis</span> <span class='ocrx_word' id='word_1_135' title='bbox 728 2864 826 2964; x_wconf 89' lang='lat' dir='ltr'>regni</span> <span class='ocrx_word' id='word_1_136' title='bbox 868 2862 1048 2964; x_wconf 91' lang='lat' dir='ltr'>utriusque</span> <span class='ocrx_word' id='word_1_137' title='bbox 1086 2864 1239 2964; x_wconf 87' lang='lat' dir='ltr'>negociis</span> <span class='ocrx_word' id='word_1_138' title='bbox 1282 2863 1393 2936; x_wconf 92' lang='lat' dir='ltr'>mittit</span> <span class='ocrx_word' id='word_1_139' title='bbox 1433 2864 1470 2937; x_wconf 92' lang='lat' dir='ltr'>in</span> 
     </span>
     <span class='ocr_line' id='line_1_23' title="bbox 468 2976 1470 3076; baseline -0.002 -24"><span class='ocrx_word' id='word_1_140' title='bbox 468 2979 615 3053; x_wconf 86' lang='lat' dir='ltr'>Daciam</span> <span class='ocrx_word' id='word_1_141' title='bbox 635 3035 642 3050; x_wconf 95' lang='lat'><strong>.</strong></span> <span class='ocrx_word' id='word_1_142' title='bbox 662 2979 732 3050; x_wconf 92' lang='lat' dir='ltr'>tale</span> <span class='ocrx_word' id='word_1_143' title='bbox 748 2977 836 3075; x_wconf 90' lang='lat' dir='ltr'>quid</span> <span class='ocrx_word' id='word_1_144' title='bbox 855 2976 968 3050; x_wconf 85' lang='lat' dir='ltr'>secum</span> <span class='ocrx_word' id='word_1_145' title='bbox 986 2995 1103 3051; x_wconf 90' lang='lat' dir='ltr'>mente</span> <span class='ocrx_word' id='word_1_146' title='bbox 1127 2982 1336 3076; x_wconf 72' lang='lat' dir='ltr'>pertrastans</span> <span class='ocrx_word' id='word_1_147' title='bbox 1356 3034 1364 3050; x_wconf 92' lang='lat'><strong>.</strong></span> <span class='ocrx_word' id='word_1_148' title='bbox 1384 2977 1470 3050; x_wconf 92' lang='lat' dir='ltr'>Non</span> 
     </span>
     <span class='ocr_line' id='line_1_24' title="bbox 469 3088 1472 3190; baseline -0.001 -27"><span class='ocrx_word' id='word_1_149' title='bbox 469 3092 508 3164; x_wconf 86' lang='lat' dir='ltr'>lit</span> <span class='ocrx_word' id='word_1_150' title='bbox 528 3090 719 3190; x_wconf 89' lang='lat' dir='ltr'>supereum</span> <span class='ocrx_word' id='word_1_151' title='bbox 734 3115 857 3162; x_wconf 88' lang='lat' dir='ltr'>manus</span> <span class='ocrx_word' id='word_1_152' title='bbox 870 3115 946 3161; x_wconf 89' lang='lat' dir='ltr'>mea</span> <span class='ocrx_word' id='word_1_153' title='bbox 962 3117 971 3180; x_wconf 90' lang='lat'>;</span> <span class='ocrx_word' id='word_1_154' title='bbox 1000 3088 1056 3163; x_wconf 84' lang='lat' dir='ltr'>sed</span> <span class='ocrx_word' id='word_1_155' title='bbox 1073 3091 1112 3162; x_wconf 80' lang='lat' dir='ltr'>sit</span> <span class='ocrx_word' id='word_1_156' title='bbox 1131 3089 1230 3188; x_wconf 90' lang='lat' dir='ltr'>super</span> <span class='ocrx_word' id='word_1_157' title='bbox 1247 3115 1329 3163; x_wconf 91' lang='lat' dir='ltr'>eum</span> <span class='ocrx_word' id='word_1_158' title='bbox 1347 3115 1472 3162; x_wconf 89' lang='lat' dir='ltr'>manus</span> 
     </span>
     <span class='ocr_line' id='line_1_25' title="bbox 469 3201 1471 3302; baseline -0.004 -25"><span class='ocrx_word' id='word_1_159' title='bbox 469 3207 647 3277; x_wconf 90' lang='lat' dir='ltr'>Dacorum</span> <span class='ocrx_word' id='word_1_160' title='bbox 676 3260 684 3276; x_wconf 90' lang='lat'><strong>.</strong></span> <span class='ocrx_word' id='word_1_161' title='bbox 709 3201 806 3275; x_wconf 81' lang='lat' dir='ltr'>cum⁵</span> <span class='ocrx_word' id='word_1_162' title='bbox 824 3201 933 3300; x_wconf 90' lang='lat' dir='ltr'>igitur</span> <span class='ocrx_word' id='word_1_163' title='bbox 958 3202 1034 3302; x_wconf 90' lang='lat' dir='ltr'>jam</span> <span class='ocrx_word' id='word_1_164' title='bbox 1065 3202 1220 3276; x_wconf 86' lang='lat' dir='ltr'>medium</span> <span class='ocrx_word' id='word_1_165' title='bbox 1249 3228 1360 3301; x_wconf 91' lang='lat' dir='ltr'>equor</span> <span class='ocrx_word' id='word_1_166' title='bbox 1391 3201 1471 3274; x_wconf 89' lang='lat' dir='ltr'>navi</span> 
     </span>
     <span class='ocr_line' id='line_1_26' title="bbox 470 3313 1473 3415; baseline -0.002 -26"><span class='ocrx_word' id='word_1_167' title='bbox 470 3315 731 3415; x_wconf 82' lang='lat' dir='ltr'>opulentissmo</span> <span class='ocrx_word' id='word_1_168' title='bbox 751 3314 910 3387; x_wconf 69' lang='lat' dir='ltr'>instruda</span> <span class='ocrx_word' id='word_1_169' title='bbox 928 3334 1096 3413; x_wconf 89' lang='lat' dir='ltr'>apparatu</span> <span class='ocrx_word' id='word_1_170' title='bbox 1115 3314 1240 3388; x_wconf 89' lang='lat' dir='ltr'>secaret</span> <span class='ocrx_word' id='word_1_171' title='bbox 1255 3343 1265 3405; x_wconf 80' lang='lat'><em>3</em></span> <span class='ocrx_word' id='word_1_172' title='bbox 1293 3314 1385 3413; x_wconf 92' lang='lat' dir='ltr'>cepit</span> <span class='ocrx_word' id='word_1_173' title='bbox 1403 3313 1473 3387; x_wconf 94' lang='lat' dir='ltr'>sus-</span> 
     </span>
     <span class='ocr_line' id='line_1_27' title="bbox 469 3426 1472 3529; baseline -0.001 -28"><span class='ocrx_word' id='word_1_174' title='bbox 469 3429 562 3529; x_wconf 90' lang='lat' dir='ltr'>picio</span> <span class='ocrx_word' id='word_1_175' title='bbox 579 3428 722 3529; x_wconf 89' lang='lat' dir='ltr'>juvenis</span> <span class='ocrx_word' id='word_1_176' title='bbox 745 3427 902 3499; x_wconf 89' lang='lat' dir='ltr'>animum</span> <span class='ocrx_word' id='word_1_177' title='bbox 925 3428 1169 3500; x_wconf 89' lang='lat' dir='ltr'>vehemencius</span> <span class='ocrx_word' id='word_1_178' title='bbox 1192 3427 1363 3501; x_wconf 89' lang='lat' dir='ltr'>titillare.</span> <span class='ocrx_word' id='word_1_179' title='bbox 1384 3426 1472 3500; x_wconf 88' lang='lat' dir='ltr'>fere-</span> 
     </span>
     <span class='ocr_line' id='line_1_28' title="bbox 471 3540 1473 3640; baseline -0.004 -26"><span class='ocrx_word' id='word_1_180' title='bbox 471 3543 530 3614; x_wconf 90' lang='lat' dir='ltr'>bat</span> <span class='ocrx_word' id='word_1_181' title='bbox 549 3567 700 3639; x_wconf 86' lang='lat' dir='ltr'>namque</span> <span class='ocrx_word' id='word_1_182' title='bbox 724 3540 870 3639; x_wconf 79' lang='lat' dir='ltr'>signatas</span> <span class='ocrx_word' id='word_1_183' title='bbox 897 3540 988 3639; x_wconf 90' lang='lat' dir='ltr'>regis</span> <span class='ocrx_word' id='word_1_184' title='bbox 1016 3541 1123 3612; x_wconf 90' lang='lat' dir='ltr'>anulo</span> <span class='ocrx_word' id='word_1_185' title='bbox 1151 3540 1311 3613; x_wconf 90' lang='lat' dir='ltr'>litteras.</span> <span class='ocrx_word' id='word_1_186' title='bbox 1331 3541 1473 3640; x_wconf 82' lang='lat' dir='ltr'>singulis</span> 
     </span>
     <span class='ocr_line' id='line_1_29' title="bbox 470 3653 1473 3753; baseline -0.003 -25"><span class='ocrx_word' id='word_1_187' title='bbox 470 3655 597 3729; x_wconf 85' lang='lat' dir='ltr'>scilicet</span> <span class='ocrx_word' id='word_1_188' title='bbox 628 3655 723 3727; x_wconf 93' lang='lat' dir='ltr'>illius</span> <span class='ocrx_word' id='word_1_189' title='bbox 751 3674 841 3726; x_wconf 90' lang='lat' dir='ltr'>terre</span> <span class='ocrx_word' id='word_1_190' title='bbox 867 3653 1097 3751; x_wconf 90' lang='lat' dir='ltr'>optimatibus</span> <span class='ocrx_word' id='word_1_191' title='bbox 1126 3653 1302 3753; x_wconf 80' lang='lat' dir='ltr'>singulas.</span> <span class='ocrx_word' id='word_1_192' title='bbox 1322 3679 1473 3753; x_wconf 90' lang='lat' dir='ltr'>quarum</span> 
     </span>
    </p>
   </div>
   <div class='ocr_carea' id='block_1_4' title="bbox 472 3786 1475 4187">
    <p class='ocr_par' dir='ltr' id='par_1_4' title="bbox 510 3786 1041 3859">
     <span class='ocr_line' id='line_1_30' title="bbox 510 3786 1041 3859; baseline -0.004 -12"><span class='ocrx_word' id='word_1_193' title='bbox 510 3788 522 3828; x_wconf 91' lang='lat'>¹</span> <span class='ocrx_word' id='word_1_194' title='bbox 544 3788 648 3859; x_wconf 82' lang='lat' dir='ltr'>H.G.;</span> <span class='ocrx_word' id='word_1_195' title='bbox 669 3804 778 3847; x_wconf 86' lang='lat' dir='ltr'>tantum</span> <span class='ocrx_word' id='word_1_196' title='bbox 794 3830 801 3845; x_wconf 90' lang='lat'><strong>.</strong></span> <span class='ocrx_word' id='word_1_197' title='bbox 818 3830 824 3844; x_wconf 93' lang='lat'><strong><em>.</em></strong></span> <span class='ocrx_word' id='word_1_198' title='bbox 840 3831 846 3844; x_wconf 92' lang='lat'>.</span> <span class='ocrx_word' id='word_1_199' title='bbox 863 3801 981 3858; x_wconf 85' lang='lat' dir='ltr'>tantum,</span> <span class='ocrx_word' id='word_1_200' title='bbox 997 3786 1041 3845; x_wconf 89' lang='lat' dir='ltr'>M.</span> 
     </span>
    </p>

    <p class='ocr_par' dir='ltr' id='par_1_5' title="bbox 510 3867 1474 3939">
     <span class='ocr_line' id='line_1_31' title="bbox 510 3867 1474 3939; baseline -0.002 -11"><span class='ocrx_word' id='word_1_201' title='bbox 510 3868 524 3907; x_wconf 80' lang='lat'>²</span> <span class='ocrx_word' id='word_1_202' title='bbox 546 3870 646 3939; x_wconf 89' lang='lat' dir='ltr'><strong>M.G.;</strong></span> <span class='ocrx_word' id='word_1_203' title='bbox 657 3871 705 3928; x_wconf 89' lang='lat' dir='ltr'>the</span> <span class='ocrx_word' id='word_1_204' title='bbox 716 3870 811 3928; x_wconf 80' lang='lat' dir='ltr'>letters</span> <span class='ocrx_word' id='word_1_205' title='bbox 821 3889 879 3926; x_wconf 82' lang='lat' dir='ltr'>ama</span> <span class='ocrx_word' id='word_1_206' title='bbox 887 3869 915 3925; x_wconf 93' lang='lat' dir='ltr'>in</span> <span class='ocrx_word' id='word_1_207' title='bbox 927 3869 981 3926; x_wconf 84' lang='lat' dir='ltr'>this</span> <span class='ocrx_word' id='word_1_208' title='bbox 990 3867 1067 3926; x_wconf 91' lang='lat' dir='ltr'>word</span> <span class='ocrx_word' id='word_1_209' title='bbox 1076 3869 1188 3926; x_wconf 87' lang='lat' dir='ltr'>written</span> <span class='ocrx_word' id='word_1_210' title='bbox 1199 3868 1228 3925; x_wconf 91' lang='lat' dir='ltr'>in</span> <span class='ocrx_word' id='word_1_211' title='bbox 1240 3867 1359 3926; x_wconf 86' lang='lat' dir='ltr'>modern</span> <span class='ocrx_word' id='word_1_212' title='bbox 1367 3869 1425 3939; x_wconf 83' lang='lat' dir='ltr'>inlr,</span> <span class='ocrx_word' id='word_1_213' title='bbox 1433 3867 1474 3927; x_wconf 86' lang='lat' dir='ltr'>H.</span> 
     </span>
    </p>

    <p class='ocr_par' dir='ltr' id='par_1_6' title="bbox 509 3947 1230 4020">
     <span class='ocr_line' id='line_1_32' title="bbox 509 3947 1230 4020; baseline -0.004 -11"><span class='ocrx_word' id='word_1_214' title='bbox 509 3950 522 3990; x_wconf 81' lang='lat'>⁸</span> <span class='ocrx_word' id='word_1_215' title='bbox 543 3949 654 4020; x_wconf 82' lang='lat' dir='ltr'><strong>H.M.;</strong></span> <span class='ocrx_word' id='word_1_216' title='bbox 675 3950 736 4020; x_wconf 84' lang='lat' dir='ltr'>His,</span> <span class='ocrx_word' id='word_1_217' title='bbox 749 3950 788 4008; x_wconf 91' lang='lat' dir='ltr'>G.</span> <span class='ocrx_word' id='word_1_218' title='bbox 909 3947 921 3986; x_wconf 85' lang='lat'>⁴</span> <span class='ocrx_word' id='word_1_219' title='bbox 943 3947 1046 4018; x_wconf 87' lang='lat' dir='ltr'><strong>H.M.;</strong></span> <span class='ocrx_word' id='word_1_220' title='bbox 1060 3964 1176 4019; x_wconf 85' lang='lat' dir='ltr'>tentare,</span> <span class='ocrx_word' id='word_1_221' title='bbox 1192 3948 1230 4007; x_wconf 90' lang='lat' dir='ltr'>G.</span> 
     </span>
    </p>

    <p class='ocr_par' dir='ltr' id='par_1_7' title="bbox 472 4028 1475 4187">
     <span class='ocr_line' id='line_1_33' title="bbox 510 4028 1475 4109; baseline -0.001 -21"><span class='ocrx_word' id='word_1_222' title='bbox 510 4030 523 4069; x_wconf 78' lang='lat'><em>⁶</em></span> <span class='ocrx_word' id='word_1_223' title='bbox 544 4031 633 4089; x_wconf 82' lang='lat' dir='ltr'>HM.</span> <span class='ocrx_word' id='word_1_224' title='bbox 646 4056 655 4099; x_wconf 88' lang='lat'>;</span> <span class='ocrx_word' id='word_1_225' title='bbox 677 4032 785 4109; x_wconf 72' lang='lat' dir='ltr'>Quum,</span> <span class='ocrx_word' id='word_1_226' title='bbox 800 4030 829 4087; x_wconf 95' lang='lat' dir='ltr'><strong>G</strong></span> <span class='ocrx_word' id='word_1_227' title='bbox 842 4053 852 4099; x_wconf 91' lang='lat'>;</span> <span class='ocrx_word' id='word_1_228' title='bbox 873 4029 927 4087; x_wconf 87' lang='lat' dir='ltr'>and</span> <span class='ocrx_word' id='word_1_229' title='bbox 943 4028 971 4085; x_wconf 92' lang='lat' dir='ltr'>so</span> <span class='ocrx_word' id='word_1_230' title='bbox 986 4031 1156 4105; x_wconf 83' lang='lat' dir='ltr'>throughout</span> <span class='ocrx_word' id='word_1_231' title='bbox 1172 4030 1221 4087; x_wconf 87' lang='lat' dir='ltr'>the</span> <span class='ocrx_word' id='word_1_232' title='bbox 1235 4044 1296 4088; x_wconf 84' lang='lat' dir='ltr'>text</span> <span class='ocrx_word' id='word_1_233' title='bbox 1309 4031 1393 4090; x_wconf 88' lang='lat' dir='ltr'>when</span> <span class='ocrx_word' id='word_1_234' title='bbox 1407 4029 1475 4089; x_wconf 91' lang='lat' dir='ltr'>used</span> 
     </span>
     <span class='ocr_line' id='line_1_34' title="bbox 472 4112 734 4187; baseline -0.004 -17"><span class='ocrx_word' id='word_1_235' title='bbox 472 4132 529 4170; x_wconf 75' lang='lat' dir='ltr'>aaa</span> <span class='ocrx_word' id='word_1_236' title='bbox 546 4112 734 4187; x_wconf 75' lang='lat' dir='ltr'>conjunslion.</span> 
     </span>
    </p>
   </div>
   <div class='ocr_carea' id='block_1_5' title="bbox 0 0 1984 5610">
    <p class='ocr_par' dir='ltr' id='par_1_8' title="bbox 0 0 1984 5610">
     <span class='ocr_line' id='line_1_35' title="bbox 0 0 1984 5610; baseline 0 0"><span class='ocrx_word' id='word_1_237' title='bbox 0 0 1984 5610; x_wconf 95' lang='lat' dir='ltr'> </span> 
     </span>
    </p>
   </div>
  </div>
 </body>
</html>
