3938 5610
257 3577 324 3625 Nota
333 3578 365 3625 de
374 3577 436 3625 infir·

256 3639 419 3698 mitatotyble.

256 3935 323 3995 s.14.

476 414 531 544 μ’
751 435 859 514 Vita·
879 430 1041 513 Haroldi
1066 432 1193 540 Regis.

472 663 507 721 et
525 647 619 746 leges
636 645 811 719 mundane
828 659 864 716 et
881 641 992 716 divini
1006 667 1155 715 canones
1168 641 1272 715 variis
1284 642 1355 715 vite
1369 641 1475 741 hujus

472 757 726 833 necessitatibus
743 753 1015 830 condescendisse
1033 812 1041 828 .
1062 781 1134 828 non
1148 754 1364 854 ignorantur.
1417 758 1474 828 De

467 873 549 972 jure
566 867 809 969 extorquentis
831 865 1031 968 hujusmodi
1057 865 1308 942 sacramentum
1327 925 1335 941 .
1354 867 1413 941 alii
1432 884 1473 941 ut

472 982 614 1057 libuerit
640 979 879 1080 disputabunt.
934 978 1054 1054 Licuit
1075 1006 1160 1054 vero
1186 996 1226 1054 ut
1253 979 1473 1054 manifestum

472 1096 520 1169 est
548 1097 590 1168 src
617 1094 774 1168 elicitum
805 1149 814 1166 .
846 1093 868 1164 fi
899 1109 1016 1165 tamen
1043 1093 1141 1193 quod
1171 1119 1274 1167 nemo
1303 1093 1474 1167 diffitetur

472 1210 581 1283 eciam
608 1208 771 1281 illicitum
789 1204 904 1278 suisl'et
921 1233 929 1278 :
949 1232 1019 1279 non
1045 1206 1190 1305 implere
1215 1205 1470 1306 juramentum.

472 1321 555 1394 Hac
568 1344 653 1395 vero
670 1319 753 1419 quia
770 1317 853 1391 alias
871 1316 1029 1418 nequivit
1042 1319 1086 1392 de
1101 1319 1217 1393 medio
1230 1316 1262 1392 se
1276 1319 1472 1393 tenentium

472 1435 659 1508 Haroldus
675 1431 759 1505 exiit
783 1432 1083 1504 Normannorum.
1135 1431 1209 1528 Qui
1236 1429 1304 1505 suis
1329 1434 1473 1507 demum

471 1546 631 1620 redditus
663 1544 752 1645 quid
786 1542 969 1642 pertulerit
1006 1600 1014 1616 .
1050 1543 1138 1643 quid
1172 1544 1304 1642 egerit:
1338 1545 1471 1618 cunstis

472 1662 586 1760 palam
603 1655 759 1755 exponit.
812 1657 1058 1754 Exponentem
1076 1674 1116 1730 ut
1134 1657 1252 1730 audit:
1271 1657 1472 1731 universitas

471 1777 507 1849 in
533 1776 621 1849 iram
645 1770 888 1847 excandescit.
910 1773 1033 1846 initam
1059 1774 1233 1848 mediante
1259 1772 1471 1848 sacramento

471 1888 670 1987 paccionem
704 1885 880 1984 improbat
916 1912 958 1959 ne
984 1884 1184 1961 observetur
1211 1945 1219 1961 .
1247 1888 1471 1962 vehementer

470 2002 644 2073 reclamat.
696 1998 796 2072 Abfit
815 1998 980 2098 inquiunt
998 1998 1081 2071 absrt
1106 2015 1146 2072 ut
1170 1997 1357 2073 serviamus
1375 2002 1472 2073 Nor-

470 2112 624 2186 mannis!
692 2111 794 2185 Abfit
821 2127 862 2184 ut
893 2110 998 2184 fastus
1032 2112 1237 2185 Normanici
1266 2112 1358 2213 jugo
1392 2113 1471 2187 bar-

469 2225 605 2299 barico:
639 2224 832 2298 nobilitatis
848 2224 999 2322 Anglice
1025 2224 1156 2297 urbana
1182 2225 1322 2300 libertas
1356 2227 1472 2301 nulla-

469 2355 572 2411 tenus
589 2335 838 2411 substernatur!
891 2336 991 2433 Quid
1008 2338 1143 2411 multa?

590 2511 777 2570 Conclamant
790 2531 895 2582 omnes,
911 2510 988 2570 sedet
1001 2511 1056 2570 hec
1070 2511 1211 2571 sentencia
1224 2513 1338 2571 cunstir.

519 2665 789 2764 Posthabitoque
809 2664 1001 2765 juramenti
1027 2667 1125 2766 quod
1152 2669 1291 2741 nullum
1316 2667 1381 2740 effe
1398 2694 1472 2741 cre-

467 2778 617 2853 debatur
661 2778 818 2877 periculo
852 2808 860 2853 :
896 2778 1083 2853 Haroldus
1125 2780 1269 2853 demum
1312 2780 1469 2854 unanimi

468 2891 628 2966 omnium
671 2891 812 2964 consilio
854 2888 1059 2965 sublimatur
1102 2892 1139 2964 in
1177 2919 1306 2993 regem.
1359 2895 1471 2990 Quod

468 3021 584 3102 preter
607 3002 803 3077 divinitatis
826 3021 954 3076 nutum
977 3004 1121 3078 minime
1144 3005 1319 3080 accidisse:
1346 3006 1471 3079 celitus

469 3116 545 3215 post
575 3116 611 3189 in
639 3115 735 3188 brevi
767 3114 881 3189 fuerat
911 3118 1125 3191 declaratum
1148 3175 1156 3191 .
1179 3144 1259 3192 curn
1287 3118 1381 3192 enim
1408 3146 1471 3193 rex

469 3227 731 3327 Norwagensrs¹
773 3229 871 3301 classe
905 3230 1067 3304 advedtus
1101 3228 1281 3304 numerosa
1315 3231 1469 3305 intrasset

468 3340 641 3440 Angliam
675 3338 916 3442 aggressusque
959 3342 1210 3417 Eboracensem
1253 3344 1469 3442 provinciam

469 3454 551 3527 cede
568 3470 604 3526 et
628 3452 797 3526 incendiis
822 3454 926 3527 obvia
950 3480 1090 3555 queque
1107 3457 1250 3531 vastaret
1269 3457 1391 3557 illique
1409 3483 1470 3530 rex

470 3589 584 3638 novus
601 3571 718 3638 coaeto
736 3565 890 3639 exercitu
915 3566 1088 3641 festinaret
1105 3594 1283 3643 occurrere
1300 3569 1396 3668 tybie
1414 3568 1469 3644 su-

469 3678 546 3752 bito
569 3679 674 3751 unius
691 3679 988 3753 vehementissimo
1008 3680 1101 3779 cepit
1122 3682 1245 3755 dolore
1267 3683 1467 3784 constringi.

469 3791 543 3888 Qui
561 3818 604 3865 ex
621 3789 683 3865 suo
700 3791 762 3865 tali
773 3794 941 3891 compede
954 3795 1034 3893 plus
1044 3793 1264 3869 subditorum
1278 3795 1468 3869 discrimini

468 3931 576 4004 quam
594 3903 656 3979 suo
673 3903 928 4004 congemiscens
950 3907 1066 3981 dolori
1091 3913 1226 3982 nostem
1250 3935 1337 4008 pene
1355 3925 1468 3982 totam

508 4071 520 4110 ¹
542 4073 597 4131 For
610 4089 728 4133 account
742 4074 777 4132 os
793 4076 848 4132 this
869 4075 991 4134 invasion
1010 4077 1065 4135 and
1085 4078 1119 4136 its
1132 4076 1224 4148 result,
1240 4077 1284 4137 see
1300 4079 1348 4137 the
1363 4078 1468 4155 Anglo·

469 4152 561 4211 Saxon
576 4154 739 4223 Chronicle,
753 4157 893 4216 adamum
912 4156 996 4219 1066.
