4050 5640
789 487 829 564 V
824 485 878 565 ita
908 485 1072 566 Haroldi
1096 488 1225 594 Regis.
1455 513 1504 594 25

505 708 603 764 erant
637 692 823 767 duodecim
858 718 971 765 marce
1006 694 1079 765 auri
1108 749 1116 765 .
1144 696 1242 766 Duas
1276 719 1395 791 capas:
1423 720 1508 766 auro

506 803 719 904 gemmisque
738 822 875 877 ornatas
902 861 910 877 .
938 806 1106 904 Quinque
1119 807 1257 881 calices:
1284 809 1374 881 duos
1387 834 1508 880 aureos

505 935 636 991 ceteros
652 935 833 1016 argenteos
860 973 868 990 .
897 919 1060 1014 Quatuor
1085 920 1203 992 altaria
1228 945 1308 992 cum
1333 920 1506 1020 reliquiis:

506 1055 657 1128 quorum
684 1056 796 1104 unum
822 1056 965 1104 aureum
997 1047 1111 1104 cetera
1137 1050 1299 1132 argentea
1333 1035 1505 1108 deaurata.

507 1144 634 1216 Unum
650 1169 759 1217 comu
784 1143 958 1217 vinacium
983 1160 1215 1243 argenteum.
1233 1161 1373 1218 centum
1391 1143 1507 1238 solidis
1655 1218 1659 1237 ξ

506 1273 749 1354 computatum
776 1312 784 1330 .
811 1258 944 1329 Decem
967 1256 1165 1354 philacteria
1191 1313 1201 1329 .
1227 1283 1337 1330 unum
1355 1283 1507 1357 quorum
1653 1246 1656 1263 ¹

506 1369 551 1442 de
584 1368 719 1442 duabus
758 1368 881 1442 marcis
920 1368 1017 1442 auri:
1053 1385 1094 1441 et·
1123 1369 1271 1468 gemmis
1304 1370 1461 1468 preciosas
1496 1372 1550 1443 ..⁸

506 1497 636 1555 cetera:
662 1506 748 1555 auro
780 1497 994 1581 argentoque
1027 1499 1144 1580 parata
1170 1538 1180 1554 .
1207 1483 1307 1556 Duas
1333 1481 1508 1557 sambucas

507 1591 601 1694 sellas
630 1592 815 1668 femineas:
840 1619 884 1667 ex
912 1593 1026 1666 multo
1059 1620 1144 1668 auro
1170 1593 1347 1684 fabricatas
1374 1650 1382 1668 .
1409 1597 1508 1668 Duas

507 1730 707 1802 campanas:
733 1702 900 1804 preciosas
928 1761 936 1778 .
963 1705 1048 1778 Hec
1081 1721 1117 1778 et
1150 1706 1216 1779 alia
1241 1707 1412 1805 permulta
1439 1733 1507 1807 que
1520 1718 1536 1766 f·
1549 1719 1597 1766 ⁶ta

506 1818 654 1917 longum
696 1817 777 1890 esset
818 1815 942 1891 referre
986 1873 994 1890 .
1040 1843 1177 1918 queque
1219 1819 1507 1893 Normannorum

506 1929 656 2004 ambicio
697 1929 977 2028 incomparabilia
1018 1929 1188 2004 estimaret
1228 1986 1238 2004 .
1279 1932 1405 2005 devote
1447 1957 1509 2030 per

507 2041 712 2116 Haroldum
737 2040 848 2116 saneta
872 2042 967 2116 cruci
996 2042 1112 2116 oblata
1136 2059 1172 2116 et
1195 2067 1259 2142 per
1287 2043 1508 2118 Willelrnum
1627 2092 1630 2096 -

507 2152 673 2227 invidiose
707 2153 896 2228 noscuntur
929 2154 1052 2257 ablata.
1105 2154 1231 2255 Hujus
1262 2172 1380 2234 tamen
1415 2157 1510 2230 abla-

508 2266 616 2339 cionis
633 2267 800 2341 invidiam
826 2265 1057 2366 perfunctoria
1074 2269 1225 2367 quadam
1242 2267 1334 2342 visus
1350 2269 1398 2343 est
1415 2269 1509 2344 idem

507 2380 707 2453 Willelmus
728 2378 1007 2478 compensacione
1032 2381 1180 2480 palliaffe
1206 2382 1288 2457 ficut
1307 2381 1509 2481 inscriptum

508 2491 566 2565 illa
583 2492 718 2591 plenius
733 2491 880 2566 refertur
896 2519 966 2592 qua
988 2495 1032 2567 de
1049 2493 1382 2593 invencionesanere
1398 2494 1510 2595 sepius

509 2622 698 2678 memorate
727 2605 836 2680 crucis
860 2606 954 2680 edita
980 2662 989 2679 .
1016 2606 1175 2681 ordinem
1201 2633 1343 2707 quoque
1368 2633 1441 2706 quo
1465 2609 1510 2682 ad

507 2718 558 2788 W
559 2718 689 2789 altham
707 2718 836 2816 perlata
860 2716 910 2792 est
924 2716 997 2817 ipsa
1012 2744 1119 2794 crux:
1144 2720 1336 2795 luculenter
1353 2721 1510 2794 insinuat.

508 2828 585 2921 ‚Ubi
603 2829 711 2902 eciam
729 2855 797 2928 que
821 2847 857 2904 et
875 2847 1005 2929 quanta
1020 2831 1098 2905 loco
1116 2830 1230 2906 sancto
1247 2833 1313 2906 sive
1330 2834 1367 2930 in
1383 2833 1512 2932 prediis

508 2959 544 3014 et
566 2942 668 3015 variis
693 2942 899 3016 redditibus1
921 2943 987 3017 five
1009 2945 1047 3019 in
1066 2944 1169 3043 rebus
1193 2944 1442 3045 multiplicibus
1466 2947 1511 3020 ad

510 3054 736 3129 ministerium
768 3056 825 3129 vel
854 3075 1017 3135 ornatum
1050 3057 1184 3156 ecclesre
1218 3058 1471 3156 pertinentibus
1500 3115 1509 3133 .

508 3167 657 3242 mirabili
698 3168 899 3243 devocionis
940 3170 1062 3270 ardore
1102 3171 1287 3247 contulerit
1322 3171 1376 3245 vir
1410 3171 1510 3270 pius:

506 3280 645 3380 plenius
669 3281 838 3381 reperitur
862 3282 1066 3380 expressum.
1119 3283 1215 3356 Nam
1240 3284 1323 3384 quia
1348 3283 1443 3358 stilus
1467 3285 1512 3358 ad

508 3420 549 3496 ea
574 3409 734 3492 properat
762 3393 1054 3493 explicandaque
1079 3395 1193 3469 cultor
1217 3396 1327 3469 crucis
1351 3398 1448 3496 geffit
1473 3422 1512 3469 ac

504 3505 654 3605 pertulit
671 3503 852 3606 postquam
871 3504 902 3578 se
919 3504 1032 3606 ipsum
1049 3508 1085 3582 in
1103 3508 1338 3583 holocaustum
1354 3511 1512 3584 Domino

511 3618 742 3692 suaviffmmn
771 3618 917 3717 optulit²
943 3621 1068 3693 tollens
1088 3619 1165 3720 jam
1193 3622 1350 3722 quotidie
1375 3648 1512 3719 crucem

510 3729 657 3803 suamet
679 3729 856 3803 Christum
884 3730 1055 3830 sequens.
1075 3760 1183 3831 pauca
1208 3736 1252 3808 de
1278 3733 1359 3808 hiis3
1378 3735 1513 3833 perstri-

509 3845 626 3947 gendo
645 3841 823 3916 referimus
841 3871 909 3943 que
926 3846 969 3918 de
995 3844 1098 3918 rebus
1114 3844 1182 3919 suis
1198 3847 1294 3920 velut
1311 3845 1512 3921 sacrificium

549 3981 561 4020 ¹
583 3980 694 4049 H.M.;
715 3979 859 4052 reditibus,
875 3981 937 4050 G.;
957 3982 1013 4041 and
1035 3982 1063 4040 so
1083 3984 1183 4060 always
1199 3984 1230 4042 in
1252 3985 1300 4042 the
1321 3983 1396 4042 ceses
1408 3985 1444 4042 of
1458 3985 1513 4042 this

510 4061 694 4211 midi-qu
715 4141 825 4212 obtulit,
841 4142 879 4201 G.
893 4167 902 4212 ;
923 4143 978 4201 and
992 4142 1020 4201 so
1035 4145 1134 4220 always
1155 4144 1183 4201 in
1198 4146 1247 4203 the
1261 4146 1367 4203 various
1382 4146 1468 4203 forms
1482 4146 1518 4204 of

510 4224 565 4280 this
579 4223 655 4284 verb.
838 4284 839 4288 ,
941 4223 954 4261 ³
975 4224 1086 4294 H.M.;
1107 4226 1148 4296 iis,
1162 4226 1201 4284 G.
